3818 5094
169 505 261 551 maon.
279 489 454 570 x11.‚x111.]
732 479 987 548 THYATIRA.

499 721 678 739 ......
700 659 948 760 αὐγουστεῖον
968 651 1168 734 ἱσοπύθιον

506 850 685 869 ......
709 791 770 868 καὶ
788 785 1075 892 πρωτεύσαντα.

662 1046 805 1104 VARIAE
826 1041 1060 1102 LECTIONES.

167 1165 291 1250 quentia
304 1165 454 1251 injuriam
468 1164 684 1253 gravissimam
700 1188 742 1230 ex
756 1162 894 1228 barbaris
908 1183 997 1309 fassa
1020 1170 1101 1222 sunt.
1147 1154 1252 1219 Voces
1263 1150 1444 1225 dimidiatae,
1461 1146 1559 1212 oratio

166 1251 399 1332 concisa—(6.)
423 1251 660 1338 στεφανωθέντα
683 1251 893 1335 sequebantur
921 1268 1010 1309 orsan
1033 1248 1098 1311 τῶν
1112 1242 1265 1328 μεγάλων
1289 1237 1320 1306 δὲ
1345 1239 1561 1323 οὒγονστεῖων

431 1481 753 1540 ANNOTATIONES
775 1462 1022 1539 CRITICAE'ET
1043 1437 1294 1533 EXECETIOAE.

169 1593 280 1672 drinos,
293 1609 326 1662 ct
336 1597 370 1661 in
379 1598 719 1686 InscriptGruteriana
729 1600 839 1686 part.
887 1609 924 1659 ut
938 1595 972 1659 in
987 1593 1046 1659 loc.
1063 1591 1158 1656 Dion.
1172 1613 1254 1677 supr.
1270 1588 1323 1654 cit.

169 1723 197 1763 n.
213 1707 243 1766 3.
289 1702 476 1780 Caesareum,
502 1703 533 1767 h.
554 1729 581 1769 e.
603 1704 781 1792 Templum,
806 1704 840 1767 in
927 1697 1104 1762 Redeamus
1118 1717 1193 1758 vero
1209 1690 1429 1756 adlectionem
1444 1691 1560 1776 αὔγου-

169 1805 287 1872 cultum
300 1808 500 1895 Imperatoris
515 1809 663 1874 dicatum.
884 1813 988 1870 στεῖον
1018 1801 1198 1880 leontio»,
1226 1821 1320 1884 quam
1349 1819 1455 1861 veram
1481 1795 1562 1860 arbi-

210 1911 275 1976 Sed
290 1910 330 1976 dc
346 1911 481 1998 Templo
505 1935 679 1976 sermonem
702 1935 767 1978 esse
785 1911 844 1976 vix
887 1923 959 1973 tror.

170 2016 271 2081 credo.
305 2015 445 2102 Impedit
459 2015 649 2080 constructio
663 2013 842 2102 probabilis.
931 2015 1017 2092 Erat,
1033 2014 1066 2079 ni
1081 2013 1179 2089 fallor,
1190 2010 1381 2099 Apollonius
1395 2033 1439 2075 ex
1453 2007 1563 2072 ordine

172 2120 383 2200 Quaerendum
406 2121 505 2208 igitur
527 2145 630 2185 annon
651 2119 755 2207 potius
774 2121 843 2184 Au·
886 2119 1113 2207 Augustalium
1132 2117 1187 2204 qui
1210 2116 1244 2181 in
1271 2114 1401 2181 coloniis
1415 2111 1563 2198 jurisdic-

171 2222 349 2308 gustalium,
375 2222 441 2286 sive
461 2220 608 2286 ludorum
634 2221 700 2286 sive
726 2220 842 2286 officio·
886 2226 972 2290 tione
992 2224 1027 2288 in
1041 2223 1134 2290 sacris
1152 2223 1331 2297 utebantur,
1347 2233 1380 2284 et
1398 2217 1513 2306 passim
1527 2217 1562 2280 in

171 2350 248 2403 mm,
265 2326 410 2393 habenda
424 2326 465 2390 sit
478 2327 566 2392 ratio.
887 2330 1045 2418 Inscriptt.
1058 2353 1130 2396 cum
1145 2327 1378 2394 Decurionibus
1389 2348 1563 2390 memoran-

212 2432 252 2495 In
266 2431 385 2518 primis,
400 2431 435 2495 in
449 2431 553 2518 lapide
573 2455 668 2496 exeso
689 2432 843 2516 conjicere
886 2450 946 2501 tur.
993 2435 1144 2523 Collegiis
1166 2458 1273 2500 eorum
1289 2445 1445 2520 praeerant
1461 2430 1564 2496 Seviri

170 2534 267 2619 possis
295 2537 509 2623 αιίγουστεῖων
539 2535 723 2605 leocadius.
776 2537 844 2603 Nec
887 2540 939 2604 vel
963 2539 1108 2626 Magistri
1130 2539 1328 2626 Augustales.
1371 2536 1448 2602 Vid.
1467 2535 1563 2601 Smet.

173 2640 258 2706 deest
280 2641 428 2708 historica
442 2641 520 2707 fides
537 2667 544 2706 :
571 2641 735 2708 Ludorum
759 2643 844 2708 enim
887 2644 1031 2730 Inscript.
1048 2667 1077 2730 p.
1090 2645 1140 2711 74.
1153 2666 1184 2707 n.
1197 2647 1227 2707 4.
1243 2643 1277 2707 in
1292 2642 1400 2708 Pitisc.
1413 2644 1525 2707 Leeic.
1542 2662 1564 2705 1.

171 2746 396 2834 Augustalium
411 2747 555 2812 meminit
570 2748 643 2824 Dio,
659 2769 722 2813 Lvr.
736 2751 844 2817 29.46.
889 2771 919 2834 p.
941 2752 1013 2811 212.
1058 2745 1140 2822 Hoc,
1167 2745 1363 2822 crediderim,
1391 2744 1564 2810 secundum

173 2876 248 2937 quos
259 2853 395 2918 Tribuni
409 2852 616 2932 celebrabant,
630 2855 699 2938 (sed
709 2858 745 2922 τὰ
758 2861 844 2941 yssi·
888 2877 1030 2918 normam
1045 2853 1268 2930 Romanorum,
1290 2853 1329 2917 de
1345 2875 1478 2937 quorum
1493 2851 1563 2914 Au·

173 2985 221 3024 σια
248 2955 424 3040 Consules),
448 2959 482 3034 ἐξ
505 2961 577 3026 ἴσου
603 2971 672 3038 τοῖς
695 2962 842 3047 ἆρηείοις,
888 2959 1062 3048 gustalibus
1077 2957 1192 3023 diserta
1207 2971 1280 3022 sunt
1289 2957 1395 3023 Taciti
1406 2958 1563 3021 inArmal.

173 3083 240 3143 quae
256 3082 299 3125 ex
310 3061 522 3147 preeuntibus
537 3062 752 3149 explicantur:
767 3065 844 3129 dum
888 3085 923 3129 11.
940 3069 1001 3140 83,
1017 3086 1140 3129 necnon
1156 3083 1179 3127 1.
1190 3067 1252 3138 54,
1268 3062 1406 3146 adjectos
1420 3060 1564 3126 sodalitio

174 3166 256 3230 enim
276 3165 430 3252 templum
446 3170 582 3253 (ἡρῷον)
598 3166 804 3233 aedificaretur
827 3192 845 3232 a
888 3167 1563 3246 Germanicum,Olaudium,etc.memoran-

175 3270 301 3346 Senetu,
321 3270 415 3335 Livia
442 3284 475 3335 et
499 3270 628 3336 Tiberio
658 3273 843 3350 auctoribus,
888 3275 937 3340 tis.

173 3376 299 3464 signum
325 3374 493 3441 Octaviani
522 3375 556 3440 in
586 3377 684 3441 Areio
714 3378 845 3464 (templo
935 3377 998 3443 Sed
1024 3375 1350 3463 Isopythiusquoque.
1400 3373 1563 3438 Notissimi

173 3478 298 3561 Martis)
322 3479 469 3566 positum,
492 3481 622 3567 parique
644 3479 763 3545 honore
789 3504 845 3545 ex·
889 3497 971 3559 sunt,
983 3483 1035 3547 vel
1049 3505 1091 3547 ex
1104 3481 1277 3559 Herodoto,
1292 3503 1346 3558 vr,
1364 3486 1394 3548 oi
1409 3481 1515 3548 πΰθιοι

174 3599 300 3672 θθΡῖῑΠΠ
313 3582 423 3650 fuerat·
467 3584 517 3649 Ne
532 3585 631 3672 plum,
647 3585 727 3650 conf.
744 3584 845 3650 Tacit.
891 3590 1064 3674 θεοπρόποι
1085 3592 1118 3664 ἐς
1133 3585 1281 3673 delecte,
1299 3589 1469 3670 σιτεόμενοι
1488 3589 1563 3668 μετὰ

172 3692 291 3755 Annei.
308 3710 330 3753 1.
347 3693 415 3767 73.;
439 3710 482 3754 rv.
495 3692 546 3757 37.
559 3695 610 3754 55.
637 3690 765 3756 Sueton.
777 3692 846 3755 Au·
889 3700 954 3761 τῶν
968 3685 1138 3780 βασιλήων
1160 3695 1198 3759 τὰ
1214 3691 1357 3777 δημόσια,
1374 3690 1563 3776 adquorum

172 3809 255 3882 qast.
267 3800 320 3860 52.
890 3797 1029 3863 officium
1045 3795 1218 3862 censendus
1232 3809 1279 3859 est
1289 3793 1414 3858 Tullius
1425 3807 1564 3881 spectare

215 3903 271 3967 Ex
292 3901 379 3966 hisce
404 3901 545 3987 vestigiis
567 3902 648 3967 bene
671 3898 848 3985 explicatur
890 3903 924 3967 in
940 3905 1032 3968 Libr.
1048 3905 1087 3964 de
1102 3903 1251 3965 Divinct.
1268 3921 1290 3964 1.
1306 3904 1358 3963 43.
1402 3899 1506 3984 Atqui
1525 3893 1564 3963 de

174 4003 360 4083 ἰσοπυθίων,
380 4027 503 4091 nempe,
518 4007 598 4088 pari
615 4005 739 4078 honore,
755 4007 847 4088 pari·
891 4007 1065 4095 Gymnasio
1080 4003 1291 4093 cogitandum,
1303 4002 1422 4068 dixerit
1434 4004 1565 4089 aliquis?

175 4115 228 4178 bus
249 4114 444 4196 acrimoniis,
465 4133 532 4173 cum
548 4111 703 4194 Pyenis,-
727 4121 759 4172 et
777 4108 846 4184 hoc,
891 4112 947 4177 Nil
962 4111 1104 4198 impedit.
1149 4108 1280 4174 Constat
1303 4108 1420 4173 etenim
1447 4129 1488 4174 ex
1510 4109 1564 4173 In·
1628 4103 1629 4108 ¹

176 4219 239 4283 sive
258 4216 415 4303 intelligas
434 4215 563 4294 cultum,
579 4215 645 4280 sive
668 4215 846 4291 certamina,
891 4215 995 4301 script.
1003 4235 1076 4278 xrrr.
1092 4213 1182 4301 plura
1190 4212 1458 4278 fuisseHeraclea:
1475 4211 1566 4297 quid·
