3676 5100
751 729 785 780 θ.

129 847 356 898 ΤΕΧΝΟΙΣΕΑΥΤ
560 849 815 896 ΤΗΣΕΠΙΓΡΔΦΗΣ
1036 848 1365 896 nonsummum?

130 939 376 988 nomenoium
560 941 796 988 ΔΝΊἿΓΡΑΦΟΝΕ
1035 937 1267 985 ΔΣΔΥΡΡΟΥΦΟΝ

129 1029 344 1076 ΟΙΣΜΗΔΕΝΟΣ
558 1031 843 1077 ΤΕΘΗΕΙΣΤΟΑΡΧΕῙ
1035 1026 1299 1074 ΒΟΥΔΕΠΗΝΥΙΟΝ

131 1119 343 1165 ΕΤΕΡΟΥΕΧΟΝ
511 1121 541 1166 15
559 1110 951 1165 ΟΝΔΝΊῪΠΑΤΩΓΕΝΉΑΝΩ
1036 1113 1323 1162 inscissionem

96 1205 404 1256 snozsszovmssn
562 1207 730 1256 nonnum
733 1208 816 1236 ⁸⁸⁸⁸⁸⁸
818 1207 907 1254 ΑΠΕΛ
989 1209 1020 1254 2⁵
1041 1206 1110 1234 ''''
1112 1207 1183 1252 ANN
1187 1204 1270 1233 ''''''
1271 1201 1464 1250 ΔΕΣΠΟΙΝΗΣ

131 1291 406 1341 ΛΟΟΝΩΜΑΕΝΒΔΔ
560 1296 657 1341 Assos
659 1294 728 1322 ****
729 1292 974 1344 incensam?
1038 1291 1325 1339 nnznponuxnffln
1451 1291 1452 1294 ’

129 1381 510 1432 ΔΕΙΝΟΣΔΑΝΤῙΠΑΡΑΤΑΥ
561 1386 738 1432 ΟΝΚΑΙΚΟΝ
741 1384 885 1412 ''''''''''
1039 1377 1357 1430 sunzosorssmun···

131 1472 411 1520 ΤΔΠΟΙΕΙΔΩΣΕΙΤΗ
566 1471 881 1522 ΕΧΟΝΤΩΝΔΕΤΗΝΕΞ

133 1559 359 1608 ΔΔΜΠΡΟΤΛΤΗ
513 1565 545 1608 20
564 1561 849 1608 ovzlsunovuouov

85 1651 114 1696 10
133 1649 368 1698 uvsvnsvflnuu
675 1655 677 1660 ’

132 1733 314 1794 nonme

144 1888 194 1954 De
209 1919 377 1976 επονυμοις
391 1891 425 1956 in
439 1916 470 1956 v.
482 1895 511 1969 2,
528 1890 684 1980 disputavi
699 1913 799 1978 supra.
843 1891 926 1956 1115.
942 1913 965 1956 s.
981 1913 1012 1956 se
1027 1889 1132 1977 prodit
1145 1888 1238 1955 lectio
1258 1890 1343 1959 ἄλλο
1362 1893 1463 1975 ὄνομα

81 2018 152 2060 cum
166 2019 257 2061 sensu
266 2020 407 2082 persone
423 1995 546 2082 qualem
561 1995 652 2083 attigi
666 1995 700 2060 in
714 2018 745 2082 p.
762 1996 829 2063 177.
853 1994 892 2058 In
908 1998 955 2058 ll.
971 1993 1069 2058 multu
1080 1992 1266 2081 designem,
1279 1992 1394 2059 Denuv.
1407 2015 1462 2058 nn.

82 2099 205 2188 Opinon
217 2100 372 2188 praeivisse
387 2099 422 2164 in
433 2099 524 2164 titulo
540 2111 611 2164 ante
626 2121 655 2162 v.
672 2101 719 2161 12.
734 2101 857 2174 ταύτης,
869 2109 906 2159 ut
920 2093 1028 2182 scripsi
1041 2093 1076 2158 in
1090 2118 1121 2182 p.
1134 2097 1183 2162 72.
1228 2094 1320 2172 Dein,
1333 2119 1462 2184 procon-

81 2207 178 2272 sulem
202 2221 406 2272 memorctum
427 2206 578 2272 hebemus
596 2203 631 2268 in
653 2209 700 2270 15.
720 2217 742 2268 s.
764 2216 796 2270 et
813 2225 951 2268 mensem
970 2202 1004 2266 in
1024 2221 1085 2288 quo
1104 2201 1217 2267 relatus
1230 2200 1331 2267 fueret
1345 2202 1462 2277 titulus,

80 2337 201 2401 nempe,
213 2312 400 2401 Apelleum,
415 2335 478 2376 non
490 2311 671 2397 ijsuuus,
686 2309 767 2376 siout
781 2323 879 2387 untes,
891 2331 934 2374 ex
945 2307 1067 2373 levibus
1081 2331 1153 2373 sune
1164 2307 1297 2384 indiciis,
1309 2307 1343 2372 in
1357 2331 1387 2395 p.
1401 2310 1462 2384 73„

24 2458 41 2474 -
81 2417 333 2503 conjectaverum.
363 2417 441 2482 Erat
455 2417 517 2494 ille,
529 2432 622 2506 prout
632 2417 765 2483 rationes
776 2417 912 2482 diversas
926 2439 1092 2502 sequemur
1102 2439 1193 2481 mem.
1204 2415 1239 2480 in
1253 2428 1317 2482 not.
1330 2421 1462 2503 pp.l39.
1574 2457 1581 2463 -

81 2545 114 2597 s.‚
129 2549 161 2583 =
174 2521 462 2588 Octob·Novembr.
476 2521 528 2586 vel
542 2520 877 2598 Novemb-Decembr.,
893 2520 944 2586 vel
955 2520 1048 2586 etiem
1059 2521 1081 2586 J
1082 2519 1284 2587 annor-Febr.
1307 2519 1463 2598 Ceterum,

82 2628 115 2692 in
130 2627 222 2692 titulo
237 2626 430 2714 Hystireno
445 2625 535 2692 facile
549 2649 686 2692 mensem
702 2625 942 2692 Macedonicum
958 2625 1181 2714 expectavens.

146 2733 230 2799 Dein
245 2747 403 2820 ponuntur
417 2732 544 2797 nomine
558 2733 727 2798 scribarum
746 2756 763 2798 a
781 2733 918 2820 regestis,
935 2756 1003 2819 quae
1024 2756 1107 2798 nuno
1125 2755 1167 2798 ex
1181 2731 1286 2819 lepide
1300 2755 1463 2798 evanuere.

84 2837 122 2901 In
137 2861 189 2902 vv.
206 2842 252 2905 19.
265 2861 301 2903 ss.
317 2837 400 2905 lectt.
416 2837 450 2902 in
464 2839 534 2904 loco
548 2863 637 2928 paene
651 2841 842 2907 conclamato
856 2842 945 2908 bonae
964 2853 1045 2906 notae
1066 2851 1233 2919 eruuntur3
1255 2864 1328 2906 num
1343 2845 1465 2928 καμάρα

83 2966 148 3006 vox
163 2957 195 3008 et
208 2943 275 3031 ipsa
289 2943 466 3031 sepulcralis
488 2958 543 3022 est,
559 2968 652 3030 quum
667 2944 757 3033 attigi
772 2969 853 3032 supr.
869 2969 899 3032 p.
917 2950 985 3010 145.
1030 2944 1124 3025 Quod
1137 2945 1177 3011 ud
1195 2945 1315 3033 reliqua
1338 2963 1464 3034 spectet,

83 3071 204 3134 nequeo
227 3048 487 3116 constructionem
509 3049 659 3138 expedire
673 3051 707 3116 in
725 3055 776 3116 22.
792 3075 829 3116 ss.
845 3075 887 3117 ex
907 3050 1084 3139 apographo
1099 3050 1183 3117 docti
1198 3052 1274 3117 viri:
1296 3077 1354 3118 neo
1372 3053 1465 3118 video

85 3163 170 3222 ΔΡΑ
184 3205 191 3218 .
205 3206 211 3219 .
224 3206 231 3218 .
245 3164 322 3222 HT.
338 3163 362 3222 Ν
380 3162 424 3237 (v.
436 3160 467 3221 5.
478 3181 504 3222 o.
520 3155 555 3220 in
568 3179 599 3243 p.
612 3159 677 3239 72.)
692 3181 761 3243 quae
776 3170 858 3222 certe
868 3156 902 3221 in
916 3179 1067 3221 marmore
1083 3157 1274 3222 exstiterunt.
1307 3157 1464 3235 Vicissim,

84 3260 202 3345 praebet
214 3259 369 3346 Peysonn.
393 3283 475 3324 nova
494 3260 644 3345 quedem,
668 3271 723 3338 τῆς
742 3259 880 3348 ἀδελφῆς
902 3289 963 3346 μου
980 3275 1019 3360 'et
1040 3260 1216 3340 δεσποίνης,
1242 3287 1311 3349 quae
1330 3263 1465 3331 fructum

84 3387 188 3429 secum
202 3363 313 3430 serunt.
358 3363 486 3430 Mecum
500 3365 653 3430 consentit
666 3363 701 3428 in
715 3364 852 3430 clausula
868 3371 1026 3432 Esslss”.

149 3469 301 3557 Spectutis
314 3470 363 3535 his
377 3469 506 3548 cunctis,
521 3470 694 3536 versionem
707 3470 769 3536 looi
783 3470 899 3537 turbati
913 3495 931 3536 s
945 3495 975 3535 v.
992 3475 1039 3540 19.
1054 3471 1098 3538 sic
1113 3472 1307 3538 refinxerim:

147 3577 187 3639 In
201 3597 359 3639 numerum
376 3597 479 3638 eorum
495 3577 611 3660 quijus
625 3576 796 3660 sepeliendi
808 3577 1047 3641 1αὸεηὶἰηῖοω
1067 3580 1173 3643 subter
1193 3603 1346 3645 cameram
1361 3586 1464 3668 sepul-

84 3683 197 3745 cralem
222 3682 338 3744 relatos
361 3682 427 3744 volo
447 3679 611 3745 Aurelium
632 3682 769 3766 Rufum,
790 3683 971 3746 Senatorum
981 3706 994 3756 ‚·
1018 3683 1135 3749 Annene
1154 3687 1330 3771 Despoenae,
1349 3695 1464 3753 sororis

83 3789 290 3872 meae,filium‚
310 3789 409 3850 virum
424 3787 618 3864 honoratum,
642 3788 750 3852 Titum
767 3786 909 3852 Auneum
923 3839 930 3852 .
944 3838 950 3851 .
964 3840 971 3853 .
985 3839 992 3852 .
1004 3793 1037 3853 in
1059 3792 1177 3855 cellulis
1199 3815 1271 3856 uero
1293 3817 1360 3880 quoe
1380 3800 1464 3860 intus

73 3899 195 3980 jacent,
211 3894 404 3979 sarcophuyo
420 3895 573 3977 oppositos
586 3942 593 3955 .
607 3943 614 3956 .
628 3941 635 3955 .

150 3998 184 4065 Si
198 3999 265 4065 haec
279 4023 354 4066 vern
366 3997 437 4076 sint,
452 4011 485 4064 et
502 4012 585 4065 recte
604 3997 808 4065 constituatur
821 3999 856 4064 in
875 4024 904 4065 v.
917 4003 968 4065 25.
984 3999 1076 4066 lectio
1091 3999 1299 4089 Peysonnolli,
1314 4001 1464 4070 habemus

81 4128 197 4171 nomen
211 4103 362 4172 muliebre
378 4107 567 4190 Despoenam
583 4103 667 4182 olim,
682 4119 719 4170 ut
732 4128 824 4184 nunc,
840 4129 859 4171 a
873 4105 990 4173 Graeois
1004 4119 1194 4194 usurpatum.
