3818 5094
404 450 447 510 82
828 442 1180 513 INSCRIPTIONES
1203 443 1396 514 GRAEOAE.

470 640 496 680 a.
520 613 687 703 Inscriptio
702 615 793 681 estin
803 615 956 685 honorem
969 617 1099 704 Trajani
1108 617 1276 697 Hadriani,
1288 617 1356 686 basi
1371 628 1490 694 statuae,
1502 614 1554 682 vel
1566 615 1688 704 tropoei,
1701 616 1815 694 incisa3

406 722 509 787 officio
525 721 664 808 quinque
678 719 869 788 Praetoribus
885 727 1117 812 (στρατηγοῖς),
1133 745 1268 809 quorum
1286 720 1417 788 nomina
1435 731 1647 798 recensentur,
1663 720 1816 808 permisso

405 850 425 891 a
439 838 549 891 senatu
562 837 595 891 et
609 825 728 914 populo
742 826 1020 916 Pergamenorum.

470 932 501 997 b.
525 930 636 998 Altera
658 930 809 1018 ejusdem,
830 946 866 998 ut
887 932 990 1010 oredo,
1006 931 1189 1010 honorifica,
1213 931 1269 998 sed
1289 930 1432 997 nondum
1446 953 1619 1020 purpuram
1646 933 1815 1020 essequod,

404 1036 586 1102 curantibus
597 1035 762 1124 Dionysio,
774 1036 957 1104 Malchione
971 1049 1038 1128 eto.-
1054 1037 1240 1123 Utramque,
1257 1036 1405 1104 marmori
1419 1036 1618 1125 insculptam,
1635 1060 1679 1103 ex
1695 1039 1816 1105 aedibus

407 1141 603 1229 privatorum
617 1141 816 1227 quorundam
830 1142 865 1206 in
880 1142 999 1231 oppido
1013 1135 1172 1232 superiore
1188 1139 1348 1232 descripsi.

472 1271 498 1312 c.
522 1245 705 1335 Epigraphe
720 1246 900 1335 sepulcralis
914 1246 949 1312 in
974 1248 1068 1336 cippo
1084 1247 1285 1326 Maximiani,
1301 1247 1505 1337 Propraetcris
1521 1247 1816 1340 (ἆντιστρατήγου),

412 1361 482 1426 etc,
493 1347 620 1433 jacente
634 1347 669 1412 in
682 1347 736 1413 ria
749 1348 877 1436 publica
891 1349 926 1414 in
939 1349 1069 1438 regione
1086 1351 1118 1418 S.
1131 1349 1302 1416 Theodori.

421 1525 423 1530 ¹
477 1448 507 1515 d.
530 1449 758 1537 Fragmentum
771 1449 984 1539 inscriptionis
998 1452 1130 1530 Latinas,
1149 1453 1247 1539 juxta
1261 1453 1416 1541 templum
1440 1453 1471 1520 S.
1487 1453 1509 1520 J
1510 1454 1629 1520 oannis.
1675 1455 1819 1524 Marmor

411 1567 454 1624 ex
470 1555 607 1645 acropoli
622 1556 780 1622 sublatum
795 1580 814 1622 a
829 1556 936 1623 Turco
951 1556 1089 1643 quodam
1102 1555 1240 1644 lapicida
1254 1556 1367 1623 ferimt.

476 1686 503 1726 e.
526 1660 694 1749 inscriptio
708 1661 769 1726 evi
783 1659 965 1726 recentioris
978 1658 1169 1727 beneficium
1189 1681 1436 1726 commemorans
1459 1655 1622 1726 architecti
1637 1657 1819 1743 Nicodemi,

412 1767 467 1855 qni
483 1765 697 1833 ambulacrum
711 1763 878 1831 aedilitium
892 1775 1020 1851 sumptu
1035 1762 1161 1852 proprio
1175 1762 1325 1829 refecerat
1339 1776 1433 1849 atque
1447 1777 1620 1829 ornaverat.

475 1872 496 1937 s.
521 1869 766 1938 Monumentum
791 1867 963 1957 sepulcrale
988 1869 1023 1934 in
1045 1868 1293 1935 recordationem
1322 1879 1491 1957 geometrae
1515 1867 1638 1946 Isidoti,
1664 1869 1705 1937 ab
1729 1869 1820 1939 AElia

411 1975 516 2044 Noma
529 1989 734 2044 exstructum.
779 1976 859 2044 Haec
880 1975 1018 2044 invicem
1033 1975 1139 2043 vicina
1162 1999 1205 2042 ex
1230 1975 1349 2064 pariete
1370 1973 1562 2064 intergerivo
1576 1975 1611 2040 in
1636 1977 1768 2065 regione
1786 1978 1818 2045 S.

413 2082 575 2151 Theodori
589 2081 748 2170 descripsi.

476 2215 509 2278 g.
531 2186 699 2274 Inscriptio
711 2186 977 2265 Graeco-barbara
1004 2209 1046 2253 ex
1068 2183 1264 2275 hyperthyro
1279 2183 1390 2274 templi
1406 2183 1439 2252 S.
1456 2183 1626 2261 Tleodori
1646 2186 1682 2251 in
1697 2210 1819 2254 memo-

413 2295 493 2362 riam
507 2291 715 2360 conditorum.
