3788 5092
396 444 459 514 176
819 437 1100 508 AUOTARIUM
1121 435 1360 504 NOTARUM.

396 618 481 680 modi
495 619 706 692 certaminum,
722 636 760 678 oc
778 614 863 678 velut
877 615 1032 689 tutelares,
1047 615 1080 676 in
1099 612 1238 676 omnibus
1249 611 1423 698 pymuuriis
1438 629 1537 672 cerrus
1556 626 1789 670 marmoreum

397 722 653 797 constituebatur,
668 721 755 784 modo
770 721 943 796 solitarius,
957 722 1045 783 modo
1061 741 1128 782 eum
1145 719 1309 782 Mercurio
1325 721 1358 779 iu
1373 737 1467 780 unum
1481 716 1603 800 sipuum
1620 711 1787 798 conflatus.

464 823 564 888 Erunt
582 835 615 888 et
628 822 791 900 Heraclea,
805 821 874 888 ludi
888 821 1012 911 ἐξόχως
1026 821 1158 888 Herculi
1177 821 1295 898 suumn,
1316 843 1386 906 quae
1403 819 1438 884 in
1456 816 1593 882 nummis
1611 839 1686 881 oum
1709 815 1787 892 aliis,

398 926 531 1015 Pythiis,
546 950 668 1017 nempe,
683 940 716 994 et
726 927 838 1006 Aonis,
854 927 1028 994 consociata
1041 931 1272 1010 oemuntur(a).

1005 1139 1088 1204 Iuni.
1103 1158 1134 1203 v.
1146 1143 1177 1204 5.

463 1269 549 1335 Κατὰ
563 1271 601 1336 τὸ
616 1267 762 1356 ἆρχαῖον.
807 1265 972 1332 consentit
985 1265 1032 1331 tit.
1048 1265 1082 1330 in
1093 1265 1278 1351 Poeook.(b)
1293 1264 1375 1331 inter
1389 1260 1627 1353 'ssryutirenseffl

1074 1513 1108 1564 C.

653 1640 697 1701 01
711 1683 718 1697 .
732 1640 833 1702 ΠΕΡΙ
847 1683 854 1697 .
868 1641 952 1701 ΤΟΝ
967 1684 974 1698 .
988 1642 1194 1701 HPAKAEA

612 1746 721 1806 ΤΩΝ.
735 1746 914 1808 ΠΡΩΤΩΝ
929 1790 935 1804 .
950 1747 1232 1828 munimen.

610 1851 684 1911 ΚΑΙ
699 1893 706 1908 .
719 1851 833 1913 ΚΑΤΑ
851 1895 858 1908 .
871 1853 924 1912 ΤΟ
939 1895 946 1908 .
959 1853 1151 1914 APXAION
1166 1896 1173 1908 .
1186 1851 1269 1912 ΤΟΥ
1283 1851 1457 1912 ΤΡΙΤΟΥ.

614 1957 855 2018 ΝΕΑΝΙΣΚΟΙ
870 1999 877 2013 .
890 1957 974 2017 ΑΥΡ
987 2001 994 2013 .
1007 1957 1152 2017 θΗΣΕΑ
1168 1956 1445 2016 ,ΝΙΚΗΦΟΡΟΝ
1461 1999 1467 2011 .

613 2053 924 2123 ΘΥΑΤΕΙΡΗΝΟΝ
937 2106 944 2119 .
958 2062 1243 2123 ΝΕΙΚΗΣΑΝΤΑ
1258 2104 1264 2118 .
1278 2061 1512 2122 Ennomon.

609 2169 891 2229 ΠΑΓΚΡΑΤΙΟΝ
905 2211 912 2225 .
927 2170 982 2228 EN
995 2211 1004 2228 .
1016 2171 1073 2230 ΤΩ
1087 2163 1175 2229 ,ΥΙΓ
1188 2213 1195 2227 .
1208 2170 1356 2230 ΑΥΤΩΝ
1370 2213 1376 2225 .
1391 2171 1742 2235 ΕΠΙΤΕΛΟΥΜΕΝΩ
1756 2218 1763 2230 .

613 2275 845 2335 ΕΠΙΝΕΙΚΙΩ
858 2317 865 2330 .
879 2274 1100 2335 ΣΕΒΗΡΕΙΩ
1114 2317 1121 2330 .
1134 2275 1270 2336 ΑΓΩΝΙ
1285 2317 1291 2331 .
1304 2275 1415 2335 ΥΠΟ.

612 2382 862 2443 ΕΠΙΣΤΑΤΗΝ
876 2424 884 2438 .
897 2382 980 2443 ΑΥΡ
994 2425 1000 2438 .
1014 2383 1206 2443 ATTlKON
1221 2426 1226 2439 .
1240 2383 1435 2443 ΖΩΣΙΜΟΝ
1450 2427 1457 2439 .

461 2587 501 2652 In
515 2588 657 2671 ulter0(o)
672 2588 807 2656 occurrit
820 2587 938 2655 lenutio
953 2592 1029 2658 κατὰ
1043 2591 1081 2658 τὸ
1095 2593 1219 2659 uacuos:

613 2962 814 3022 AIKINION
829 3007 835 3021 .
848 2963 1071 3025 ΡΟΥΦΙΝΟΝ
1086 3009 1092 3021 .
1107 2963 1439 3024 ΣΥΓΚΛΗΤΙΚΟΝ.

611 3067 715 3128 ΥΙΟΝ
731 3111 737 3126 .
751 3069 948 3129 ΛΙΚΙΝΙΟΥ
962 3113 968 3126 .
983 3069 1202 3130 ΡΟΥΦΙΝΟΥ
1216 3113 1223 3125 .
1236 3070 1279 3129 01
1293 3113 1300 3125 .
1314 3069 1416 3129 ΠΕΡΙ
1431 3113 1437 3125 .
1450 3070 1555 3129 ΤΟΝ.

613 3174 818 3235 ΗΡΑΚΛΕΑ
832 3219 839 3231 .
852 3175 1033 3237 ΠΡΩΤΟΝ
1047 3219 1053 3233 .
1068 3177 1350 3236 ΓΥΜΝΑΣΙΩΝ.

611 3281 640 3339 Ν
645 3281 851 3341 ΕΑΝΙΣΚΟΙ
866 3325 873 3337 .
888 3282 1003 3342 ΚΑΤΑ
1017 3326 1024 3338 .
1037 3283 1091 3341 ΤΟ
1105 3325 1111 3338 .
1125 3281 1292 3342 KAINON
1305 3322 1313 3337 .
1329 3281 1413 3341 ΤΟΥ
1427 3324 1433 3338 .
1447 3283 1621 3343 ΤΡΙΤΟΥ.

464 3459 584 3524 Καινὸν
597 3455 667 3533 hoe,
680 3467 713 3521 et
727 3457 874 3546 ἆρχαῖον,
887 3457 964 3543 quid
978 3457 1213 3546 significationis
1227 3481 1331 3523 seeum
1342 3457 1469 3523 serunt?
1512 3457 1657 3524 Profecto
1671 3460 1785 3534 neseio,

397 3561 458 3626 nisi
474 3561 558 3648 quod
577 3560 661 3626 tituli
675 3561 736 3648 ipsi
751 3561 917 3641 declarant,
937 3587 1059 3651 nempe,
1079 3562 1215 3628 diversus
1234 3562 1374 3629 extitisse
1394 3563 1478 3651 leges
1497 3577 1529 3630 et
1548 3564 1788 3630 eonsuetudines

397 3667 568 3734 seeundum
587 3689 663 3754 quus
682 3663 814 3732 honores
833 3667 1067 3755 gymnasiorum
1085 3666 1309 3742 tribuebantur,
1330 3677 1449 3732 veteres
1471 3689 1638 3752 novosque,
1654 3691 1786 3752 quarum

438 3860 484 3938 (α)
498 3860 618 3920 Eckhel.
631 3880 661 3919 u.
673 3880 693 3919 s.
707 3880 736 3938 p.
746 3862 812 3919 442.
1111 3857 1213 3938 κράτων
1235 3879 1288 3936 pro
1308 3883 1479 3936 samareon,
1501 3869 1531 3918 et
1544 3860 1575 3917 in
1597 3861 1709 3937 penult
1732 3862 1786 3921 ἔπε’

438 3957 479 4034 (ὁ)
492 3959 581 4015 Inser.
594 3977 621 4035 p.
633 3961 680 4022 39.
695 3976 724 4014 n.
739 3959 763 4014 1.
797 3957 886 4014 Hune
900 3965 929 4014 et
944 3957 1068 4036 Peyron·
1114 3956 1196 4034 usurp,
1227 3977 1280 4035 pro
1306 3981 1425 4017 irarum.
1466 3960 1676 4039 Peysonnellus
1698 3959 1786 4020 hebet

398 4056 492 4113 nellus
506 4056 670 4133 descripsit:
692 4054 806 4132 Voyaqe,
822 4075 849 4132 p.
861 4051 928 4117 287.
1115 4066 1222 4115 ΛΙΩΝΙ
1235 4058 1266 4114 in
1280 4057 1387 4115 eodem.
1449 4099 1451 4102 -

437 4154 512 4212 Dedi
525 4155 555 4213 in
565 4174 593 4212 v.
605 4157 631 4213 4.
643 4154 767 4233 νικηφόροι
777 4154 887 4232 (potius
902 4151 1007 4226 sueno.)
1018 4172 1071 4230 pro
1154 4156 1194 4236 (o)
1208 4157 1296 4213 Inser.
1315 4175 1342 4234 p.
1356 4159 1403 4214 40.
1422 4175 1451 4214 n.
1468 4159 1512 4214 11.
1554 4158 1589 4215 In
1603 4175 1633 4216 v.
1647 4158 1701 4216 ult.
1716 4158 1787 4235 legit

397 4249 576 4310 Pooookiuno
593 4263 741 4331 μιιηφορου.
783 4251 858 4310 Dein
871 4251 942 4309 inv.
955 4247 982 4310 6.
998 4276 1070 4324 παγ-
1114 4251 1274 4310 Poeookius
1287 4252 1359 4310 nurui
1372 4255 1451 4310 rins.
1510 4297 1512 4300 -
