3818 5094
425 1141 752 1277 Pamrarro
782 1187 869 1278 Au
897 1185 1258 1280 LECTOREM.

754 1463 940 1500 --0—-

149 1658 247 1751 Qum
265 1658 312 1732 de
329 1659 439 1746 hisee,
457 1660 498 1732 L.
512 1661 564 1748 B,
582 1683 663 1755 quae
681 1659 749 1732 tibi
764 1658 803 1731 in
815 1685 942 1733 manus
961 1659 1148 1748 trodovei
1164 1661 1203 1733 in
1220 1661 1339 1760 operis
1355 1663 1428 1736 mei
1445 1687 1539 1737 com·

146 1778 412 1853 mendationem
437 1780 497 1852 vel
525 1780 798 1854 exeusationem
824 1780 1031 1853 tentaminis
1059 1780 1187 1868 dicam,
1215 1782 1282 1854 vix
1308 1797 1537 1880 perspectum

146 1898 270 1973 habeo
321 1901 446 1972 Minus
464 1898 593 1987 adhue,
611 1899 701 1994 quid
713 1899 893 1996 proferam
910 1898 957 1972 ad
973 1899 1213 1997 patrocinium
1226 1914 1330 1975 tuum
1347 1905 1538 1998 exquiren·
1647 1998 1649 2004 Α

146 2019 232 2092 dum
249 2020 416 2094 callidius
433 2033 687 2117 comparatum.
732 2019 806 2096 Odi
821 2020 1084 2116 prensationes;
1102 2044 1171 2094 neo
1187 2021 1306 2094 minus
1319 2024 1535 2118 jactationes

146 2145 200 2217 sui
221 2145 366 2236 inanes;
393 2143 458 2216 sed
484 2143 672 2216 instabiles
694 2141 964 2238 Symplegadas
992 2163 1101 2234 quam
1119 2139 1263 2213 difficile
1292 2154 1355 2227 est,
1374 2141 1461 2215 dum
1489 2143 1536 2216 ad

146 2277 276 2338 metam
295 2276 453 2361 optatam
469 2261 690 2350 festinamus,
707 2259 914 2360 vitore!(o)

218 2385 277 2456 En
293 2408 402 2480 porro
420 2383 567 2456 titulum
584 2382 650 2455 vix
666 2382 849 2479 auspicato
866 2382 1065 2468 inventum,
1085 2381 1355 2479 Inscriptionea
1379 2407 1427 2456 er
1442 2384 1535 2456 aedi-

145 2503 209 2576 bus
237 2505 498 2602 apocalyptloia
512 2507 527 2577 l
589 2503 722 2576 Literis
749 2503 894 2601 optimis
922 2504 1084 2576 imbutus
1112 2503 1283 2590 orationis
1310 2503 1534 2591 munditiam,

143 2623 335 2699 historicus
351 2624 472 2712 fastos,
495 2625 549 2696 rei
576 2623 748 2698 arehaioae
775 2624 912 2720 peritus
940 2625 1031 2722 sigla
1058 2648 1131 2709 sua,
1159 2624 1336 2696 elementa
1357 2623 1534 2714 informia,

146 2770 345 2819 sermonem
365 2745 604 2832 horridulum,
621 2746 732 2818 immo
749 2746 962 2820 Venerandi
978 2749 1145 2821 Nominis
1173 2773 1295 2822 amans
1322 2750 1534 2848 religionem

143 2865 401 2954 intemeratam,
419 2867 532 2940 oeulis
550 2867 800 2964 circumjectis,
819 2881 964 2963 quaeret.

219 2988 364 3061 Talium
383 2989 537 3087 (sortem
553 2988 657 3085 ploro
674 2988 703 3085 l)
722 2988 782 3061 vel
798 2989 889 3060 mihi
903 3013 976 3061 non
992 2989 1032 3060 in
1049 3001 1220 3086 promptu
1247 3001 1302 3062 est
1326 2989 1534 3064 thesamum

142 3105 341 3194 recludere,
368 3107 429 3180 vel
452 3107 728 3204 locupletiorem
758 3109 885 3181 saltem
910 3109 949 3180 in
980 3134 1087 3182 usum
1109 3109 1333 3181 literatorum
1360 3109 1532 3206 proferre,

143 3227 278 3323 quippe
290 3226 329 3298 in
342 3225 552 3324 regionibus
568 3236 711 3298 versato
725 3248 878 3319 quarum
896 3238 1128 3299 monumenta
1140 3226 1353 3322 pretiosiora
1370 3227 1534 3301 socordia

136 3345 364 3440 jamdudum,
391 3346 447 3418 vis
471 3344 611 3432 bellica,
639 3344 784 3441 rapinae,
811 3346 994 3418 barbaries
1019 3344 1237 3442 dejecerunt.
1295 3347 1531 3442 Grassarique

140 3466 258 3539 indies
275 3466 346 3540 hoe
359 3467 494 3540 malum
511 3465 620 3552 dolet,
638 3467 813 3561 brevique
830 3467 991 3563 peritura
1007 3467 1067 3540 vel
1083 3466 1297 3562 paucissima
1314 3489 1394 3561 quae
1413 3491 1532 3564 super-

141 3598 225 3657 sunt
251 3584 320 3656 aevi
347 3584 508 3658 cultioris
531 3583 757 3672 documenta,
780 3585 923 3682 templa,
951 3585 1100 3672 theatra,
1126 3587 1320 3686 gymnasia,
1348 3586 1426 3660 haec
1454 3590 1531 3663 solo

142 3716 291 3798 aequata,
308 3704 371 3777 illa
387 3717 429 3777 ut
444 3729 557 3777 novas
574 3705 826 3801 inauditaeque
842 3705 974 3781 formas
991 3707 1145 3781 induant
1162 3707 1325 3803 disjecta.¹

215 3827 400 3912 Attamen,
418 3851 440 3899 a
456 3825 674 3921 quibusdam
692 3851 773 3923 quae
800 3829 1005 3927 comparavi
1024 3855 1098 3902 non
1125 3830 1257 3903 absunt
1279 3827 1452 3903 doetrinae
1470 3856 1530 3904 ex·

143 3944 337 4038 quisitioris
354 3944 496 4018 indicia.
551 3944 644 4019 Sunt
660 3968 742 4040 quae
764 3945 946 4019 annalium
963 3946 1197 4033 conditorem,
1220 3945 1407 4020 literarum
1423 3949 1531 4021 bona-

141 4084 220 4135 rum
248 4064 459 4152 studiosum,
478 4064 608 4164 legisse
635 4091 709 4140 non
725 4067 934 4164 poenitebit:
964 4067 1028 4168 sed
1044 4080 1259 4141 vetustatem
1284 4091 1365 4163 quae
1386 4070 1531 4166 sapiunt

144 4186 438 4259 venerabiliorem
456 4188 576 4260 omnia
593 4187 724 4274 abiere,
739 4209 820 4281 quae
837 4211 966 4285 nempe
979 4187 1113 4286 linguae
1129 4187 1308 4260 nascentis
1326 4187 1530 4262 rudimenta

590 4387 635 4464 (a)
650 4387 798 4446 Claudiam
810 4405 852 4446 111.
867 4391 945 4458 173.;
966 4405 1019 4445 xx.
1032 4390 1078 4446 30.
