3788 5092
418 493 475 555 128
831 487 1180 555 INSORIPTIONES
1203 485 1395 554 GRAEOAE.

418 658 641 748 suppeditavit
665 658 812 746 equidem
834 658 869 725 in
891 661 973 726 notis
996 661 1086 746 (ibid.
1101 683 1132 748 p.
1145 664 1233 742 323.)
1253 657 1452 736 medicinam,
1475 659 1601 745 qualem
1625 660 1742 750 potuit,
1768 659 1818 724 vir

417 766 545 853 quidam
559 765 669 832 doctus
683 790 726 833 ex
740 765 863 832 amicis:
885 767 1018 833 sednon
1032 765 1169 832 multum
1183 765 1309 832 videtur
1322 763 1496 854 profecisse.

483 873 646 963 Integrum
661 886 694 942 et
707 873 793 940 hunc
807 874 957 961 subjicio:

698 1069 1482 1149 ΑΓΑΟΗΤΥΧΗΘΕΟΙΣΟΕΟΙΣΚΑΙΔ
1498 1129 1506 1146 .

1035 1203 1419 1282 ΚΑΙΟΙΣΗΡΟΦΙΛ
1433 1262 1442 1281 .
1458 1261 1467 1280 .

1034 1336 1369 1413 ΠΑΠΑΕΥΧΗΝ

867 1468 1449 1546 ΑΣΙΧΑΕΚΑΙΑΣΚΧΙΙΠΑΕ

865 1601 1434 1678 ΟΙΑΣΚΛΗΠΑΛΑΊῪΠΟΓ

865 1735 1285 1812 ΚΟΥΡΝΑΕΊἮΝΟΙ

482 1932 723 2000 Observandum
737 1943 792 2009 est,
803 1930 955 2019 inprimis,
965 1930 1061 1997 verba
1072 1929 1106 1994 in
1116 1935 1183 1995 v.3.
1195 1932 1279 2019 παρὰ
1292 1930 1391 2018 εὐχὴν
1403 1927 1553 1994 vertenda
1563 1952 1629 1994 esse
1640 1933 1706 1994 voti
1717 1955 1793 2017 erpo
1800 1956 1812 2006 ;

418 2038 515 2127 Angl.
531 2040 570 2126 ty
586 2061 708 2115 reason,
723 2041 756 2101 in
777 2061 981 2125 consequence
995 2041 1042 2124 of,
1056 2040 1106 2102 Iria
1120 2063 1194 2116 coeo,
1210 2037 1352 2103 similiter
1367 2037 1431 2102 sere
1450 2051 1487 2102 ut
1500 2036 1534 2101 in
1549 2037 1714 2104 Demosth.
1729 2042 1813 2104 Plri-

416 2147 493 2231 le'pp.
509 2165 532 2210 1.
547 2148 599 2208 43.
616 2147 663 2208 14.
678 2144 764 2231 παρὰ
779 2146 838 2221 τὴν
853 2143 949 2211 αὐτοῦ
963 2141 1074 2230 ῥώμην
1085 2191 1203 2207 .......
1215 2146 1302 2230 παρὰ
1318 2146 1376 2221 τὴν
1391 2146 1540 2230 ἡμετέραν
1555 2144 1711 2230 ἀμέλειαν.
1759 2145 1814 2211 Sic

416 2255 498 2320 bene
520 2248 624 2318 reddit
645 2247 835 2324 Matthiaeus,
859 2250 919 2315 Gr.
942 2250 1003 2315 Gr.
1023 2253 1038 2334 l
1056 2253 1130 2314 588.
1150 2252 1172 2316 ἐ.
1193 2251 1280 2335 παρά
1300 2273 1349 2327 τις
1375 2251 1412 2312 ob
1436 2271 1602 2335 quamnam
1626 2253 1812 2314 rationem?

417 2358 526 2425 Verba
540 2358 724 2446 exprimunt
737 2357 920 2422 damnatum
934 2356 1001 2422 voti
1016 2355 1110 2421 fuisse
1122 2355 1342 2444 Herophilum.

482 2463 576 2540 Dein,
592 2462 626 2526 in
640 2486 670 2526 v.
682 2465 725 2524 4ιο
739 2459 910 2548 legendum
924 2460 1051 2525 videtur
1066 2461 1200 2539 ἆσΰλας.
1233 2461 1378 2548 Apparet
1391 2460 1473 2526 inter
1487 2483 1558 2527 mea
1572 2461 1687 2540 Ζήλας.
1722 2460 1814 2527 Deli-

417 2575 507 2642 tescit
520 2574 646 2640 fortasse
661 2573 742 2638 inter
756 2573 877 2650 rudera,
894 2571 949 2637 sed
962 2571 1020 2636 vix
1034 2572 1204 2638 intulerim.

481 2680 522 2744 In
535 2704 566 2744 v.
577 2684 621 2744 5‘0
635 2701 751 2743 nomen
765 2678 908 2744 λατΰπου
924 2676 1049 2764 penitus
1064 2676 1169 2742 omisit
1185 2676 1219 2740 in
1234 2675 1445 2764 explicatione
1460 2699 1554 2762 quam
1569 2675 1658 2741 dedit
1671 2675 1722 2741 vir
1737 2675 1812 2743 doo-

417 2799 466 2852 tus
480 2810 573 2874 supra
587 2798 774 2852 memoratus
788 2784 822 2848 in
833 2808 864 2872 p.
877 2788 949 2849 323.
994 2785 1067 2850 Hoc
1082 2809 1124 2850 ex
1138 2785 1216 2850 meis
1230 2785 1364 2850 fidenter
1377 2784 1530 2872 supplevi.

480 2893 534 2958 En
548 2894 675 2959 demum
700 2892 735 2956 in
749 2917 779 2957 v.
799 2894 841 2958 6ιο
859 2891 1054 2970 miraculum,
1079 2907 1253 2957 monstrum
1275 2892 1388 2980 potius,
1414 2896 1667 2980 Koopvcsrnvoi!
1712 2889 1812 2958 Hisce

417 3002 512 3067 nixus
523 3000 648 3066 indiciis
662 3000 856 3088 excogitavit
868 3001 919 3065 vir
929 3001 1038 3067 doctus
1053 3001 1213 3067 civitatem
1228 3000 1394 3087 quamdam
1406 2999 1580 3065 inauditam
1594 3011 1693 3075 antea,
1708 3007 1812 3086 Κουρ-

417 3114 544 3189 νᾶητον,
557 3108 686 3174 sednon
700 3109 827 3174 edocuit
840 3107 904 3173 utri
916 3107 1064 3196 Phrygiae
1080 3107 1270 3174 accensenda
1285 3123 1339 3184 est,
1355 3113 1394 3195 τῇ
1408 3111 1555 3194 ἐπικτὴτῳ
1570 3103 1621 3169 vel
1631 3111 1813 3192 παρορεῐῳῑ

483 3213 609 3279 Titulus
633 3213 758 3280 videtur
780 3214 815 3279 in
828 3215 923 3296 vhunc
947 3217 1076 3300 modum
1100 3214 1296 3302 potissimum
1320 3214 1535 3280 ordinandus:
1557 3212 1682 3300 Ἀγαθῇ
1708 3217 1811 3302 τύχῃ.

417 3328 510 3398 Θεοῖς
526 3319 620 3397 θείοις
635 3327 684 3388 καὶ
700 3319 830 3400 δικαίοις
845 3321 1005 3411 ἡρόφιλος
1018 3351 1050 3384 =
1063 3327 1148 3410 παρᾶ
1165 3324 1275 3411 εὐχήν.
1289 3349 1321 3384 .-.·
1336 3321 1459 3399 duellae
1479 3328 1528 3389 καὶ
1551 3318 1720 3398 ἆσκλήπας
1733 3347 1765 3382 =
1780 3327 1811 3388 οἶ

418 3425 566 3502 ἇσκλήπα
588 3425 732 3493 lavican
751 3453 783 3486 =
802 3432 1001 3504 κοτυαειηνοί.
1045 3425 1135 3490 Pono
1154 3424 1188 3490 in
1209 3451 1238 3491 v.
1257 3431 1287 3491 5.
1308 3426 1457 3492 Doricam
1471 3425 1612 3502 formam,
1636 3426 1810 3492 secundum

418 3555 559 3598 normam
573 3557 642 3618 quae
657 3533 742 3620 apud
756 3532 881 3598 Atticos
896 3530 1045 3598 invaluit:
1061 3556 1112 3599 ex.
1127 3556 1154 3599 c.
1170 3537 1219 3602 ἐπὶ
1234 3533 1407 3602 πλειστόλα
1422 3533 1455 3598 in
1471 3532 1618 3622 Thucyd.
1634 3553 1665 3596 v.
1678 3537 1729 3599 25.
