3788 5092
413 484 472 546 106
825 475 1175 547 INSCRIPTIONES
1198 478 1389 546 GRAEGAE.
1566 483 1689 563 [insen.
1707 499 1812 544 xrvn.

411 673 434 739 5
915 661 975 739 καὶ
994 654 1361 760 συνεισενεγκᾶντων

920 793 970 872 εἰς
989 783 1058 887 τὴν
1076 797 1144 869 τοῦ
1163 787 1315 888 λιμένος

1029 918 1216 1022 φυλακήν.

673 1150 997 1211 ANNOTATIONES
1018 1152 1193 1212 ORITICAE
1214 1155 1267 1212 ΕΤ
1288 1151 1542 1212 EXEGETICAE.

410 1275 617 1359 ενεγκάντων,
633 1269 694 1334 viz.
713 1268 748 1334 in
770 1267 954 1355 apothecam
978 1268 1084 1357 publi·
1131 1270 1217 1353 (obv.
1239 1269 1273 1334 in
1290 1270 1443 1337 Strabone
1467 1293 1525 1358 pro
1552 1271 1710 1356 νεώριον),
1731 1269 1813 1339 ἁπο-

410 1375 490 1453 ooni,
506 1388 543 1440 ut
552 1375 638 1460 justo
652 1373 742 1439 fieret
756 1372 912 1461 professio.
1132 1373 1241 1454 θήκην,
1270 1377 1390 1463 μυχήν,
1414 1376 1576 1460 κᾶταρσιν,
1601 1375 1724 1442 κλείσιν
1744 1379 1809 1460 (op.

454 1479 554 1544 Poena
573 1476 693 1542 omissae
709 1477 907 1565 professionis
923 1476 1008 1564 apud
1023 1475 1087 1541 Ro-
1132 1479 1279 1569 Thucyd.
1300 1501 1336 1545 11.
1358 1483 1435 1564 et),
1465 1491 1590 1567 praestot
1618 1503 1694 1545 vero
1724 1480 1813 1568 quod

410 1601 519 1647 manos
542 1593 609 1648 erat
622 1580 708 1668 quod
727 1603 776 1647 res
799 1581 931 1647 cadebat
945 1580 980 1644 in
1002 1602 1088 1647 oom·
1131 1583 1223 1672 elegi.

285 1759 288 1766 ,
408 1687 563 1765 missum
585 1686 684 1776 Angl.
707 1710 772 1750 was
787 1688 952 1771 forfeited
975 1697 1007 1749 to
1031 1687 1085 1749 tte
1172 1689 1268 1778 Lapis
1289 1690 1374 1756 unde
1388 1687 1518 1755 titulum
1533 1687 1693 1776 desumpsi
1708 1687 1812 1754 suem

410 1804 568 1880 treasury.
591 1791 668 1857 vid.
681 1790 833 1858 Marcion.
845 1792 924 1880 Leg.
936 1812 1005 1858 xv1.
1017 1817 1043 1859 o.
1055 1797 1084 1856 3.
1129 1806 1290 1861 truncatus
1314 1809 1351 1861 ut
1364 1795 1485 1862 aedibus
1505 1795 1556 1861 vel
1577 1795 1734 1861 struendis
1757 1796 1810 1862 vel

408 1896 557 1964 Burman.
573 1900 629 1961 De
649 1899 803 1985 Vectiqal.
818 1900 911 1963 Dios.
926 1919 957 1963 v.
1128 1898 1305 1966 reficiendis
1325 1899 1498 1966 inserviret.
1543 1899 1636 1965 Jaoot
1657 1897 1693 1963 in
1714 1898 1808 1964 horto

452 2004 481 2068 6.
505 2009 649 2088 Λιμένας.
694 2003 834 2070 Illustrat
847 2004 908 2071 hoo
925 2006 1037 2071 Strabo
1052 2005 1086 2070 in
1130 2004 1645 2091 mercatorisoujusdamArmenii,
1658 2004 1807 2093 inregio-

409 2129 477 2174 xxv.
494 2115 519 2173 l.
535 2132 566 2197 p.
583 2113 652 2174 184.
666 2109 704 2176 T.
720 2111 784 2180 ἔστι
799 2111 832 2180 δὲ
847 2117 931 2201 πρὸς
945 2119 985 2201 τῇ
999 2112 1085 2201 ἄλλῃ
1130 2131 1170 2174 ne
1187 2107 1219 2174 S.
1231 2106 1410 2173 catharinae
1426 2112 1495 2190 (τῆς
1512 2109 1606 2196 ἁγίας
1622 2112 1806 2194 καταρῐνας)

408 2219 579 2303 κατασκευῇ
592 2226 649 2293 τῆς
663 2216 790 2293 πόλεως
805 2221 854 2284 καὶ
870 2216 967 2303 λιμὴν
982 2218 1084 2284 κλεισ-
1129 2212 1198 2291 sito,
1218 2212 1396 2299 locumque,
1419 2212 1455 2277 ni
1469 2212 1569 2291 fallor,
1585 2211 1732 2301 designat
1751 2213 1807 2279 ubi

410 2321 476 2397 τός.
1128 2318 1296 2407 vectigalia
1321 2335 1429 2407 portus
1454 2318 1608 2410 Smyrnaei
1633 2319 1806 2407 antiquitus

452 2423 507 2488 Ad
528 2423 623 2490 finem
646 2424 732 2491 tituli
758 2426 902 2514 supplevi
929 2427 1084 2514 φυλακὴν.
1128 2424 1347 2514 exigebantur.

409 2529 1085 2622 Aliaplurosuppetebantmempe,vsoptda
