3788 5092
138 476 262 546 1Reos.
279 501 383 559 xxxi,
400 486 525 570 mn]
762 479 961 548 SMYRNA.

607 656 673 740 νὸν
693 659 930 764 ἀρχίαπρον.
959 723 967 740 .
993 723 1002 740 .
1030 721 1038 738 .

421 913 744 973 ANNOTATIONES
765 913 940 986 CRITICAE
961 915 1014 972 ΕΤ
1033 913 1288 974 EXEGETICAE.

128 1045 182 1089 ζ·
198 1057 275 1107 ναν,
291 1030 399 1096 κοινὸν
410 1029 534 1109 Ἀσίας,
546 1027 674 1114 ιἰυὸρῶν
688 1029 830 1116 πάγκρα-
875 1028 915 1094 tis
935 1030 1031 1095 verbs
1045 1029 1123 1096 ibid.
1136 1053 1168 1118 p.
1178 1035 1251 1094 315.
1289 1027 1375 1094 Dein
1394 1039 1553 1094 certamen

118 1152 208 1200 rev.
258 1133 408 1198 Ancum
421 1133 508 1200 hisce
528 1158 648 1200 nexum
663 1133 832 1200 habuerint
875 1137 908 1215 (ὁ
933 1134 1038 1221 ιἰγών)
1061 1133 1179 1200 dicitur
1204 1131 1444 1210 ἐπιτελεσθῆναι,
1470 1130 1502 1196 h.
1524 1156 1552 1196 e.

118 1237 331 1325 spectacula
356 1262 425 1325 quse
450 1253 626 1306 memorant
641 1239 830 1326 Xiphilinns
869 1238 956 1324 justo
980 1252 1133 1327 apparatu
1156 1239 1299 1305 omnium
1319 1261 1389 1324 quae
1409 1236 1450 1302 sd
1464 1236 1550 1302 oaeri·

119 1360 235 1432 supr.
250 1343 336 1409 lsud.
351 1365 468 1410 nxv111.
483 1369 514 1433 p.
528 1347 600 1414 777.
615 1371 642 1412 c.
661 1359 694 1411 et
705 1345 830 1411 Cassius
872 1341 992 1406 monis-s
1011 1354 1044 1407 et
1063 1342 1192 1430 praemis
1211 1342 1396 1430 spectabant
1416 1340 1549 1406 instruc·

118 1441 179 1512 in
190 1447 270 1513 hist.
282 1468 398 1513 nxvm.
414 1454 462 1513 15.
478 1448 530 1514 vel
544 1454 576 1517 αί
592 1448 657 1518 θέαι
671 1452 702 1517 οἱ
717 1448 829 1535 παρθι-
872 1459 941 1512 tum
955 1445 1048 1514 fuisse
1063 1471 1106 1513 ex
1120 1459 1307 1514 testamento
1319 1446 1460 1513 defuncti
1474 1470 1548 1513 oon-

128 1558 201 1620 καὶ
227 1551 464 1638 ὀνομασθεῖσαι,
485 1552 520 1617 in
538 1553 621 1618 lxix.
642 1557 672 1618 2.
693 1553 832 1620 viderint
873 1549 983 1615 sularis
998 1550 1168 1639 Callipiani
1182 1561 1239 1620 τοῦ
1258 1583 1307 1640 xp.
1326 1551 1430 1631 idest,
1446 1552 1550 1630 cred0,

126 1651 284 1722 lectores
298 1656 424 1722 eruditi.
455 1657 556 1723 Erant
570 1669 603 1724 et
617 1658 671 1723 slii
686 1657 829 1738 honores,
874 1662 1050 1742 κρατίστου,
1075 1681 1199 1745 prorsus
1224 1657 1319 1724 utin
1344 1671 1550 1724 monumento

131 1765 311 1845 νικητήρια
335 1760 472 1847 appellet
485 1761 651 1828 historicus
665 1763 699 1828 in
713 1785 830 1830 mm.
876 1762 1046 1848 Aphrodis.
1067 1764 1220 1852 conspexi
1238 1764 1315 1852 ipse,
1333 1763 1499 1836 Κλαυδίαν
1515 1791 1547 1826 =

139 1869 215 1942 28„
232 1889 311 1951 quos
328 1865 443 1932 illustri
463 1867 531 1933 viro
547 1868 688 1935 decrevit
706 1883 830 1936 senatus
873 1871 1051 1939 Ἀντωνίαν
1064 1875 1306 1951 τΤατιανὴν-’τ
1318 1875 1377 1950 τὴν
1392 1876 1545 1959 spurio:

141 1971 193 2036 ob
208 1971 355 2037 victorias
370 1985 472 2059 psrtss
487 1973 521 2038 in
537 1974 665 2041 oriente.
872 2005 931 2055 την
946 1988 1005 2042 etc.

193 2075 272 2154 Nec,
282 2091 320 2142 ut
333 2077 367 2142 in
375 2103 490 2166 genere
500 2079 612 2158 dicam,
628 2079 828 2168 imperatoria
914 2081 1002 2146 Hinc
1017 2094 1085 2147 orts
1098 2080 1245 2146 ludorum
1257 2081 1441 2170 designatio.
1469 2081 1549 2148 Haec

146 2193 276 2248 tantum
297 2183 365 2250 haec
387 2184 454 2250 laus
473 2185 544 2251 fuit.
589 2186 661 2252 Hoc
684 2186 828 2273 pluribus
871 2186 989 2252 eximie
1016 2186 1212 2252 illustrentur
1245 2210 1288 2253 ex
1315 2186 1381 2251 Tit.
1403 2184 1548 2250 Xanthio

150 2287 348 2355 documentis
365 2289 494 2370 nititur;
516 2290 660 2379 inprimis
675 2314 826 2357 memore·
870 2292 1038 2371 Fellowsii‚
1054 2296 1109 2358 ubi
1121 2317 1231 2379 ευρτα,
1247 2315 1300 2381 pp.
1316 2293 1386 2359 167.
1399 2296 1482 2367 413,
1494 2315 1548 2356 cu-

151 2392 211 2458 rim
234 2393 471 2483 inscriptionem
498 2394 757 2484 Ssgdessensem,
783 2417 826 2460 ex
865 2398 919 2484 jus
948 2400 1045 2466 verbo
1072 2411 1154 2476 sunt,
1172 2401 1300 2467 Κυίντου
1320 2397 1548 2465 Ἀπολλωνίου

152 2499 399 2579 Arundellianis,
413 2524 444 2589 p.
461 2506 545 2579 359,
561 2524 655 2587 quam
670 2523 713 2565 ex
728 2499 825 2566 sordi·
871 2553 971 2568 ......
979 2504 1081 2591 ἆγωνι
1095 2529 1127 2564 =
1141 2504 1280 2588 σόμενον
1295 2499 1423 2585 ἂνὸρῶν
1438 2500 1547 2578 πάλην

153 2603 210 2670 bus
223 2620 389 2694 purgatam
404 2605 540 2694 proferre
555 2629 619 2670 non
634 2606 731 2694 piget·
873 2636 906 2671 =
919 2613 953 2677 ἐν
977 2615 1023 2697 τῷ
1044 2606 1269 2677 ἐπιτιλεσθέυτι
1296 2605 1399 2693 ιἰηῶνι
1422 2605 1549 2692 θέμιδος

194 2713 319 2800 Ἰουλίῳ
335 2712 404 2794 [vel
418 2714 574 2798 Ἰούλιον]
589 2761 697 2778 ......
704 2712 825 2800 (dysis)
869 2714 901 2802 γ’
923 2719 955 2782 ἐκ
978 2713 1128 2793 διαθήκης
1147 2741 1179 2775 --
1201 2712 1275 2801 Τιβ.
1298 2712 1359 2780 Κλ.
1385 2720 1547 2781 Κασιανοῖι

158 2843 188 2880 =
204 2848 225 2885 α
245 2822 436 2902 νικίήσανπι)
457 2817 526 2900 [vel
544 2821 731 2902 νικήσαντα]
748 2820 825 2897 (κοι-
867 2820 1044 2908 Ἀγρίππα,
1061 2819 1127 2897 ubi,
1147 2831 1184 2884 111
1206 2818 1309 2885 obiter
1330 2830 1447 2896 notem,
1472 2841 1546 2884 con.

153 2928 210 2993 νὸν
224 2925 306 3007 πόλ)
320 2952 353 2987 =
369 2954 439 3005 τως,
455 2923 586 3012 ιἰνδρῶν
599 2926 775 3011 πάγκραπιν
789 2949 821 2984 =
868 2925 998 2991 structio
1013 2925 1048 2990 in
1067 2940 1175 3012 operto
1195 2937 1251 3002 est,
1272 2923 1497 2994 ἔπιτελεαθέντι
1515 2929 1548 2992 ἐκ

153 3029 262 3119 ιἰγῶνα
292 3031 543 3098 Καλλιπιανεῖον
571 3056 603 3092 =
632 3031 826 3115 νικατόρειον
869 3030 1028 3110 διαθήκης.
1045 3029 1548 3096 commentantisinlocumerror

151 3138 208 3205 τόυ
233 3142 314 3205 ἔπιτε
328 3162 360 3199 =
375 3134 527 3204 >teodisca
550 3139 582 3203 ἐκ
605 3137 776 3222 χρημάτων
790 3160 822 3194 =
868 3136 922 3202 hic
948 3136 1159 3202 observandus
1185 3153 1240 3200 est.
1285 3135 1395 3223 Pergit
1418 3133 1545 3212 titulus3

152 3242 360 3327 καπαλείψεως
370 3250 427 3310 τοῦ
438 3250 544 3328 Κργε
554 3268 586 3302 =
596 3247 730 3326 νομίνου
745 3242 822 3308 ὑπα-
870 3239 1015 3329 ἆγωνοθε
1031 3267 1063 3301 =
1076 3247 1211 3317 τοῦνποη
1229 3251 1285 3318 τῆς
1301 3238 1426 3325 θέμιδος
1445 3238 1495 3307 διὰ
1509 3265 1542 3301 =

151 3357 235 3416 τικοῦ
245 3348 368 3416 Μ.Οιἰλ
378 3354 496 3417 :stou
506 3346 740 3425 Καλλιπιανοῦ,
752 3346 821 3434 ιἰγω
864 3343 945 3432 βίον
960 3351 1016 3410 τοῦ
1032 3342 1293 3430 ιἰἔιολογιυπάπου
1307 3368 1340 3406 =
1356 3342 1543 3430 φιλοπᾶτρι-

154 3479 186 3514 =
200 3453 408 3532 νοθετοῦντος
427 3456 466 3521 τὰ
487 3456 563 3521 κατὰ
578 3460 653 3520 τοῦπ
663 3479 696 3514 =
708 3481 749 3520 ον
763 3455 821 3520 τὸν
866 3448 923 3528 doc
939 3450 1117 3536 λυκιᾶρχου
1132 3474 1165 3511 =
1179 3449 1254 3537 Τιβ.
1268 3449 1329 3516 Κλ.
1342 3450 1543 3537 Τηλεμάχου,

150 3557 261 3644 ἆγῶνα
276 3562 434 3626 Κουίνπου
455 3582 488 3617 =
507 3558 585 3641 Αίιρ.
610 3555 822 3641 Διομηὸιανοῦ
866 3587 892 3623 κ.
908 3584 935 3621 τ.
951 3557 984 3623 λ.
1030 3552 1142 3620 Simile
1167 3551 1319 3618 habemus
1349 3552 1482 3618 relatum
1508 3554 1543 3620 in

147 3663 285 3741 Ἀλεξᾶν
298 3691 330 3726 =
344 3662 422 3753 δρον
435 3670 491 3730 τοῦ
507 3661 775 3751 ιἰΕιολογωπάπου.
866 3662 914 3727 tit.
932 3659 1150 3736 Telmessensi,
1171 3661 1246 3724 ibid.
1266 3681 1297 3745 p.
1317 3662 1387 3722 108.
1431 3657 1544 3723 Honos

189 3770 359 3858 Ignoscsnt
384 3769 524 3856 legentes
549 3768 589 3833 de
614 3767 701 3834 hisce
727 3792 821 3854 quam
866 3791 980 3854 nempe
989 3766 1123 3832 durabat
1134 3787 1190 3853 per
1201 3763 1316 3841 vitsm3
1334 3761 1543 3851 Sugchssensi

147 3875 328 3942 brevissime
344 3873 518 3939 disserenti.
865 3886 983 3949 contre,
994 3894 1059 3937 non
1070 3871 1153 3936 ultra
1164 3869 1358 3936 occasionem
1369 3868 1463 3934 unius
1477 3893 1542 3936 cer-

188 3979 347 4070 Inprimis,
373 3978 501 4046 obviam
529 3979 673 4046 videmus
701 4003 820 4057 vocem,
865 3976 1000 4043 terminis.

146 4111 215 4174 quoe
234 4100 267 4154 et
284 4087 368 4153 inter
386 4085 649 4173 Aphrodisiensis
663 4084 822 4151 Fellowsii
910 4087 939 4148 2.
962 4084 1169 4169 Ἀρχίατρον.
1208 4079 1306 4145 Deest
1321 4102 1446 4158 nomen,
1459 4082 1545 4166 quod

146 4190 292 4268 cernitis,
307 4194 494 4277 πάγκρατιυ,
515 4189 576 4255 viz.
593 4189 627 4254 in
649 4210 684 4255 11.
700 4213 731 4277 p.
748 4194 820 4255 311.
865 4202 988 4277 poterat
1002 4187 1097 4254 fuisse
1119 4185 1333 4263 Κλαυδιανὸς,
1355 4185 1544 4264 Ἰουλιανὸς,

151 4302 197 4361 15.
229 4294 427 4384 Corrigenda
437 4305 511 4359 sunt
520 4293 593 4360 ideo
608 4303 821 4359 commcntsn-
866 4294 918 4362 vel
933 4292 1059 4381 quidvis
1074 4291 1218 4358 similiter
1232 4290 1444 4358 terminatum.
1468 4291 1547 4358 Erst
