3750 5100
842 444 1057 512 EPHESUS.
1582 447 1636 506 141

186 617 365 683 scriba
391 618 502 684 confici
525 642 567 684 ex
593 617 826 706 synchronismo
850 643 879 703 q.
899 642 988 706 prox.
1008 617 1262 684 caerimoniarum.
1306 616 1384 682 Erat
1408 617 1530 694 mensis,
1557 617 1640 704 apud

179 725 436 814 -.AEgyptios‚
451 726 610 793 Artemidi
629 739 772 804 sacratus,
788 749 923 812 quocum
937 725 1032 792 ferme
1051 726 1242 813 congruebat
1256 723 1433 811 Ephesinus
1453 725 1492 789 ab
1511 747 1549 788 ea
1566 746 1638 809 cog-

174 832 441 910 mominatus,
457 857 578 900 necnon
594 832 804 898 Macedonum
819 845 852 898 et
866 831 1182 899 Lacedaemoniorum.
1227 829 1360 896 Minime
1375 830 1580 896 necessarium
1595 843 1641 894 est

173 939 490 1024 congruentiam
512 939 684 1006 absolutam
706 940 758 1006 bic
779 940 907 1017 haberi3
930 939 1003 1004 satis
1024 954 1070 1005 est
1092 964 1214 1027 ponere,
1237 940 1295 1004 sub
1315 938 1399 1004 idem
1421 950 1544 1024 tempus
1566 937 1640 1002 anni

175 1040 448 1108 observatam
469 1043 562 1108 fuisse
577 1041 782 1130 relligionem,
803 1055 839 1106 ut
853 1042 900 1107 vis
916 1043 1124 1130 Psephismati
1139 1043 1245 1110 debita
1259 1044 1427 1118 accederet,
1442 1043 1592 1119 eamdem,
1609 1057 1640 1108 et

183 1141 284 1206 Ξιι
309 1169 403 1212 omne
423 1161 553 1235 tempus,
570 1148 654 1235 apud
669 1145 844 1234 Ephesinos
865 1146 1075 1226 constituenti,
1090 1148 1124 1212 in
1139 1173 1243 1214 mense
1253 1137 1477 1235 propemodum
1491 1173 1638 1238 congruo,

179 1251 430 1338 jariterque
446 1279 464 1318 a
478 1253 607 1319 numine
622 1253 850 1341 cognominato.

319 1358 357 1422 In
372 1359 432 1424 hoc
451 1373 634 1448 argumento
649 1360 809 1426 tractando
825 1359 915 1424 doleo
934 1359 1135 1426 vehementer
1149 1360 1280 1427 deficere
1296 1375 1418 1427 tantum
1437 1362 1563 1428 schedas
1578 1363 1638 1427 Po-

188 1463 426 1530 «noclrianas.
464 1466 609 1554 Vestigia
623 1467 847 1532 elementorum
859 1467 893 1531 in
907 1491 1068 1546 marmore,
1081 1492 1149 1554 quae
1164 1482 1315 1534 scrutatus
1327 1493 1404 1545 sum,
1416 1468 1549 1534 evanida
1563 1468 1639 1534 adeo

201 1581 286 1630 «rt
299 1571 362 1634 situ
376 1585 529 1659 cooperta,
545 1585 629 1638 certo
644 1573 756 1638 certius
771 1585 892 1637 tantum
907 1572 1016 1638 nitoris
1030 1573 1187 1639 habebant
1201 1574 1277 1639 dum
1291 1574 1466 1641 Pococlrius
1477 1573 1522 1639 ibi
1537 1574 1639 1639 diver-

197 1687 379 1751 suetus
403 1691 439 1741 ut
460 1677 620 1744 meliorem
642 1693 824 1766 apparatum
843 1702 937 1766 quam
952 1680 985 1745 in
1008 1681 1129 1770 paginis
1151 1683 1219 1768 ejus
1237 1682 1374 1748 cernitur
1395 1695 1638 1770 expectaremus.

217 1775 435 1847 Jestinabat
449 1783 582 1848 nimium
596 1783 731 1862 fortasse,
751 1799 788 1850 ut
806 1785 960 1872 conjicere
974 1786 1048 1853 licet
1062 1812 1105 1853 ex
1123 1812 1161 1853 eo
1176 1789 1260 1874 quod
1274 1788 1402 1853 titulum
1416 1789 1640 1876 panegyricum

218 1881 351 1960 <inter
364 1901 484 1952 nostros
505 1889 690 1972 secundum)
706 1889 761 1975 qui
775 1888 809 1953 in
823 1888 968 1976 proxima
982 1889 1060 1956 fecie
1080 1891 1275 1957 monumenti
1289 1891 1462 1979 insculptus
1475 1891 1576 1957 fuerat
1590 1892 1641 1958 vel

220 2008 315 2058 lton
330 1994 423 2072 vidit,
439 1996 489 2062 vel
504 1996 688 2063 incuriosius
702 1997 905 2086 pretermisit.

771 2231 850 2296 Pau.
864 2233 914 2294 20.
930 2229 1012 2294 IBrn.
1023 2253 1053 2292 v.
1070 2233 1117 2293 12.

316 2357 445 2438 Τροφῷ.
489 2352 627 2418 Illustrat
641 2352 774 2441 amplius
788 2377 911 2418 sensum
926 2353 1010 2418 vocis
1021 2353 1053 2418 h.
1062 2353 1082 2418 l.
1096 2353 1181 2438 quod
1195 2353 1234 2418 de
1248 2354 1397 2420 Sardibus
1410 2354 1596 2442 praedicatur
1605 2354 1639 2418 in

199 2431 365 2542 Epigr.
383 2453 547 2520 Macedon.
564 2478 671 2522 xxxrr.
687 2462 717 2521 5.
733 2456 767 2521 in
782 2457 920 2522 Brunclr.
936 2458 1080 2522 Avolent.
1096 2458 1134 2522 T.
1148 2479 1197 2523 111.
1213 2483 1243 2545 p.
1260 2463 1328 2524 120.

606 2608 691 2684 Αὐτὴ
707 2611 755 2672 καὶ
770 2605 898 2692 βρομίῳ
913 2608 1051 2693 γενόμην
1065 2609 1186 2692 τροφός
1199 2655 1288 2669 .....

775 2844 854 2909 Pro.
867 2847 917 2908 21.
935 2844 1016 2909 Isrn.
1029 2863 1059 2908 v.
1077 2849 1124 2908 15.

314 2973 525 3042 Ἀνοκεῐσθαι.
572 2973 606 3039 Si
621 2973 812 3040 desideretur
826 2974 911 3039 vocis
926 2973 1051 3039 uberior
1064 2972 1238 3048 illustratio,
1254 2971 1345 3038 adeat
1358 2972 1454 3039 lector
1468 2973 1639 3042 Herodian.

193 3076 306 3147 ἺἸΙ.
322 3085 354 3144 4.
372 3087 417 3167 (ρ.
434 3087 501 3148 198.
518 3081 613 3164 Ταα.)
630 3088 690 3148 Καὶ
706 3081 731 3149 εἴ
745 3110 814 3150 τινα
828 3087 867 3159 ἦν
883 3086 1027 3169 χρήματα
1042 3081 1186 3146 πολιτικὰ
1207 3081 1251 3154 εἷς
1267 3078 1412 3157 εὐθηνίας
1426 3081 1446 3157 ἢ
1461 3085 1562 3166 νομὰς
1576 3089 1639 3152 τῶν

196 3191 396 3255 *ubertim
410 3186 628 3273 ἀθροιζόμενα,
641 3187 697 3253 εἴτε
714 3184 855 3272 θεάτροις
869 3187 889 3263 ἢ
903 3188 1119 3271 πανηγύρεσιν
1134 3183 1326 3264 ἀνακείμενα,
1339 3189 1383 3260 εἷς
1398 3187 1506 3252 ἑαυτὸν
1521 3197 1638 3272 μετῆγε.

204 3275 378 3381 Nempe
393 3293 597 3360 Maximinus.

314 3398 440 3464 Eodem
455 3398 549 3462 modo
562 3409 656 3485 poeta
669 3395 703 3460 in
718 3394 837 3460 Osanni
857 3395 975 3480 Sylloq.
991 3395 1139 3476 Inscript.
1155 3411 1204 3454 111.
1221 3395 1289 3458 149.
1304 3414 1334 3478 p.
1348 3394 1418 3454 446.

525 3541 651 3617 Ἀλσος
664 3545 721 3626 μὲν
735 3543 868 3625 μούσαις
883 3540 968 3624 ἱερὸν
984 3537 1056 3625 λέγε
1070 3538 1151 3604 τοῦτ’
1164 3537 1351 3605 ἀνακεῖσθαι.

315 3685 408 3749 Conf.
423 3685 546 3750 Jacobs.
561 3686 730 3770 Aatboloq.
746 3685 822 3748 Pal.
839 3683 929 3748 Tom.
942 3705 978 3749 11.
993 3708 1024 3748 n.
1041 3689 1110 3748 113.
1125 3708 1155 3772 p.
1170 3686 1241 3753 796.

769 3930 912 4032 Pro-aa
929 3929 1011 3994 Iam.
1023 3949 1054 3994 v.
1067 3934 1117 3994 22.

318 4067 396 4148 θεῷ.
420 4060 475 4124 Ex
489 4073 563 4124 nota
577 4083 658 4146 supr.
675 4059 716 4125 ad
726 4083 755 4124 v.
768 4060 797 4123 6.
809 4056 1024 4146 expectaveris
1036 4066 1125 4136 Θεοῦ,
1142 4081 1210 4144 quae
1225 4055 1412 4122 constructio
1428 4055 1568 4122 usitatior
1582 4073 1636 4124 est.

221 4152 399 4234 Errorem
415 4164 582 4252 quemdam
595 4163 752 4251 irrepsisse
767 4162 936 4250 suspicatus
951 4185 1028 4240 sum,
1045 4163 1131 4249 atqui
1145 4177 1178 4229 et
1189 4160 1363 4228 Pocockius
1377 4162 1472 4229 habet
1486 4164 1635 4231 dativum.

211 4265 478 4365 Apographum
496 4268 581 4336 docti
599 4269 659 4336 viri
673 4269 732 4335 hac
747 4281 833 4355 parte
848 4266 1017 4333 miserrime
1033 4266 1147 4332 deficit.
