3818 5094
813 457 862 523 ΙΝ
866 454 1164 524 SCRIPTIONES
1187 452 1379 521 GRAEOAE.
1474 455 1801 537 [msca‚xx1.,xx11.

883 701 889 714 .
962 630 1217 738 τιστρᾶτηγον

908 767 969 845 καὶ
990 760 1230 868 ἀγορανόμον

1014 896 1199 1000 ῥωμαίων.

964 1090 1164 1198 εὐσχήμων

938 1229 1000 1308 καὶ
1017 1223 1177 1332 πυρσόν.

665 1435 989 1498 ANNOTATIONES
1011 1437 1186 1496 onmem
1206 1437 1259 1496 ΕΤ
1279 1437 1533 1497 mennon.

401 1558 813 1642 Epist.adDivv.v1n.8.;
829 1554 915 1618 Orat
930 1555 969 1617 de
978 1555 1077 1618 Proo.
1167 1551 1220 1618 Sic
1235 1552 1275 1618 de
1289 1552 1452 1619 Antiocho
1467 1552 1636 1642 Epiphane
1647 1553 1805 1620 Athene-

406 1666 497 1730 Com.
521 1681 591 1736 vn„
618 1671 652 1726 et
675 1659 711 1723 in
729 1659 881 1734 Verrinis,
904 1676 941 1721 11.
962 1661 992 1720 3.
1015 1659 1078 1732 91.,
1122 1681 1159 1722 us
1173 1658 1208 1722 in
1222 1677 1253 1722 v.
1266 1662 1318 1722 21.
1333 1681 1361 1722 e.
1405 1657 1529 1723 Vocem
1549 1657 1708 1745 integram
1731 1679 1804 1722 mu-

401 1768 487 1835 unde
497 1765 598 1852 liquet
607 1762 838 1852 designationes
850 1761 1019 1849 aliquando
1029 1759 1078 1825 in·
1121 1777 1210 1830 tuam
1232 1762 1366 1850 sumpsit
1384 1763 1516 1828 Plautus
1534 1761 1570 1828 in
1587 1766 1715 1849 Captivi.
1732 1783 1757 1829 1.
1773 1768 1804 1830 2.

402 1875 506 1941 vicem
520 1870 683 1938 confundi.
1123 1873 1174 1934 44.
1194 1881 1228 1934 et
1250 1891 1322 1934 cum
1342 1865 1411 1932 aliis
1426 1866 1545 1933 Graecis
1565 1866 1600 1932 in
1620 1869 1749 1932 Curcul.
1766 1888 1804 1932 11,

445 1978 619 2064 Utriusque
634 1972 798 2063 dignitatis
811 1970 957 2038 meminit
966 1969 1079 2038 Strabo
1123 1976 1153 2035 3.
1164 1971 1193 2036 6.

402 2087 437 2151 in
452 2105 534 2150 xvrr.
549 2089 580 2148 3.
592 2107 637 2168 sq.
652 2081 716 2157 fin,
728 2101 851 2144 necnon
867 2075 1080 2143 Suetoniusin
1126 2098 1185 2152 Nec
1205 2103 1350 2167 auategua,
1370 2113 1420 2149 neo
1439 2103 1569 2168 tyrannus
1588 2095 1739 2166 quaquam,
1753 2112 1804 2148 nec

404 2194 543 2278 Anqust.
559 2208 670 2264 nuum,
685 2206 861 2250 memorans
875 2205 989 2270 nempe
1001 2181 1080 2270 poli.
1160 2201 1348 2256 agorsnomua,

404 2298 481 2363 tiam
495 2290 705 2381 Imperatoris,
729 2289 785 2376 qui
804 2287 981 2377 provincias
1002 2287 1080 2353 vali.
1128 2275 1186 2332 Nao
1199 2274 1368 2338 demarchus,
1381 2291 1431 2328 neo
1443 2273 1603 2328 comarchua
1639 2277 1650 2300 ⁸
1689 2275 1701 2300 ·
1740 2275 1752 2300 ·
1792 2277 1803 2299 .

406 2403 508 2468 diores
536 2398 598 2487 ipsi
624 2393 835 2483 suscipiendae
859 2405 1079 2471 reservaverat,
1169 2403 1197 2470 7,
1223 2403 1415 2488 Εὒσχήμωυ.
1460 2401 1549 2478 Vox,
1564 2413 1648 2466 utet
1666 2406 1805 2490 πυρσός,

404 2507 516 2575 ceteris
527 2503 657 2571 Senatui
672 2500 837 2591 permissis.
868 2499 930 2564 His
940 2500 1078 2565 Prooon·
1127 2507 1168 2572 ad
1181 2506 1335 2584 habitum,
1350 2505 1490 2583 formam,
1505 2507 1643 2594 corporis
1665 2521 1807 2595 spectat:

406 2613 497 2690 sulas,
518 2610 582 2675 illia
601 2608 812 2695 Propraerores
833 2604 950 2670 statuti·
995 2604 1083 2671 Hinc
1125 2637 1249 2700 nempe,
1258 2615 1373 2677 decora
1384 2616 1496 2699 specie,
1505 2616 1599 2678 rubeo
1616 2616 1727 2678 colore.
1739 2614 1805 2679 Ex.

407 2733 506 2785 ortam
528 2727 617 2781 notes
637 2710 886 2800 designationem
906 2708 1082 2797 provincia·
1126 2742 1153 2783 c.
1173 2718 1343 2804 εὐσχήμων
1363 2715 1399 2780 in
1417 2715 1567 2803 Xenoph.
1588 2719 1633 2780 R.
1650 2718 1805 2804 Equestr.

406 2844 477 2888 rum
509 2817 751 2892 senatoriam,
777 2815 844 2880 sive
868 2814 1082 2902 Popularium,
1127 2844 1149 2888 1.
1170 2824 1228 2899 η,
1234 2823 1352 2906 forme
1366 2825 1521 2907 φροίμια.

408 2927 494 3014 quod
502 2938 609 2992 tamen
617 2919 801 3007 neutiquam
810 2918 920 2985 stabile
928 2920 1083 2997 manebat,
1172 2927 1278 2994 Obvia
1292 2925 1339 2992 'ut
1364 2927 1536 3014 plurimum
1560 2926 1735 3016 designatio
1759 2942 1808 2995 eat
1867 2947 1868 2952 ’

408 3046 445 3098 ιιι
466 3055 508 3098 ex
523 3030 583 3096 loc.
601 3027 730 3094 Sueton.
748 3025 863 3091 collato
883 3049 956 3092 oum
971 3026 1085 3092 Dionis
1127 3035 1162 3099 'm
1176 3056 1269 3100 sensu
1282 3033 1478 3110 translatitio,
1493 3045 1531 3099 ut
1543 3033 1579 3097 in
1590 3033 1701 3121 Eurip.
1712 3036 1806 3100 Med.

408 3159 477 3203 nm.
494 3140 542 3201 12.
558 3144 688 3201 constat.
1128 3144 1202 3204 584.
1220 3141 1353 3225 Hippoi.
1369 3143 1443 3207 492.
1459 3137 1727 3205 Demosthorat.
1738 3143 1807 3205 Fu-

451 3239 600 3308 Notabile
622 3250 670 3304 est
689 3247 840 3325 preterea
862 3233 999 3301 officium
1014 3257 1085 3321 pro-
1128 3247 1213 3309 mbr,
1228 3243 1297 3309 init,

310 3425 313 3430 Ι
409 3345 570 3412 consulare
592 3341 687 3408 fluisse
710 3357 871 3408 aunuum:
896 3340 995 3428 Apul.
1011 3341 1085 3405 Ido-
1174 3350 1306 3434 Πυρσὸς
1321 3357 1368 3411 est
1382 3345 1499 3411 Dorice
1514 3345 1635 3412 dictum
1652 3371 1710 3436 pro
1725 3350 1807 3438 πυρέ

408 3455 470 3517 rid.
480 3474 511 3539 p.
525 3454 594 3514 123.
607 3447 752 3536 Bipont.:
773 3458 1000 3535 propraetorum
1011 3469 1086 3511 vero
1128 3451 1199 3541 ῥός.
1245 3451 1309 3519 Sed
1318 3476 1421 3540 comp.
1429 3454 1587 3518 Phoeniss.
1598 3458 1651 3518 32.
1667 3469 1807 3544 πυρσαῖς

409 3583 452 3624 ex
481 3569 562 3622 nutu
585 3553 743 3641 Principis
772 3550 966 3641 pependisse.
998 3551 1086 3618 Hinc
1129 3563 1257 3646 γένυσιν
1290 3558 1494 3644 (quibuscum
1524 3557 1614 3625 facile
1651 3563 1808 3628 consentit

412 3663 491 3730 Stat.
506 3661 539 3727 in
558 3663 636 3726 Silo.
649 3679 671 3724 1.
688 3664 718 3723 4.
731 3662 782 3726 92.
795 3681 836 3735 s.;
857 3676 888 3720 r.
902 3661 931 3720 9.
942 3658 995 3722 56.
1007 3679 1030 3722 a.
1128 3666 1283 3746 nostrum)
1299 3676 1332 3729 et
1346 3661 1468 3728 Mosch.
1479 3665 1577 3749 Idyll.
1593 3684 1629 3729 11.
1641 3667 1691 3733 70.
1714 3667 1807 3733 Alibi

453 3773 484 3833 5.
512 3769 750 3854 Ἀγορανόμον,
787 3763 917 3827 oedilem.
970 3761 1085 3828 Verrio
1129 3769 1267 3858 πυῤῥός,
1292 3767 1388 3834 utin
1412 3768 1532 3835 Herod
1553 3775 1693 3839 111.139.
1737 3769 1807 3838 Nec

412 3875 522 3942 Grmea
545 3895 587 3938 ex
602 3867 848 3936 Atheniensium
869 3867 980 3955 politia
994 3867 1084 3935 deau-
1127 3873 1241 3940 desunt
1263 3873 1467 3962 exemplam
1492 3874 1720 3962 sacris(1.xx.)‚
1744 3879 1805 3944 ria.

412 3979 517 4057 mitur,
532 3989 570 4042 ut
584 3989 616 4042 et
629 3980 752 4063 topice,
767 3975 955 4062 στρατηγός.
1128 3981 1260 4044 Numer.
1273 3997 1342 4042 xlx.
1353 3981 1382 4040 2.
1392 3975 1603 4065 (symmach.)
1614 3980 1695 4044 Isai.
1708 4000 1730 4045 1.
1741 3985 1807 4059 18.;

456 4083 515 4171 Op.
530 4080 693 4168 Aristoph.
710 4080 852 4143 Acheru.
869 4080 941 4147 723.
1129 4081 1188 4172 Cp.
1204 4079 1337 4169 Apocal.
1353 4099 1397 4145 ιιι,
1414 4083 1454 4157 4.,
1470 4099 1530 4145 xn.
1546 4085 1576 4144 3.

456 4206 656 4276 ’Ᾰγθρανὸμθυΰ
667 4205 692 4255 δὲ
705 4207 754 4266 ῒῆς
765 4203 865 4273 ἀγορᾶς
877 4203 1035 4268 καθίσταμαι

461 4295 537 4361 Τρεῖς
549 4291 611 4349 τοὺς
622 4290 759 4354 λαχόντας
825 4293 840 4324 ¹
907 4293 922 4324 ι
989 4292 1004 4323 ι
