3750 5100
145 483 243 528 usca.
262 469 373 551 xxva]
744 464 943 532 SMYRNA.

537 705 665 723 .....
697 645 924 744 αὐτονομίαν

536 779 702 878 δημοσία
720 775 934 884 φρούρησις

537 969 544 985 .
565 969 573 986 .
593 971 600 986 .
621 903 712 988 .τύν
730 904 890 1012 πάτριον

535 1101 543 1116 .
563 1101 571 1118 .
643 1034 975 1142 παρακαλούμενοι

533 1231 648 1248 .....
662 1167 734 1268 ἤδη
754 1161 978 1274 τετεύχασιν

534 1362 656 1380 .....
672 1299 708 1380 οἳ
728 1299 800 1382 εἴτε
817 1298 1038 1403 παρέδοσαν

402 1511 724 1570 ANNOTATIONES
746 1511 921 1570 ORITICAE
941 1509 995 1568 ET
1014 1509 1268 1568 EXEGETICAE.

138 1638 229 1722 χρείᾳ
245 1631 389 1720 δημοσίᾳ,
413 1635 446 1696 iu
470 1655 567 1696 causa
586 1632 728 1716 publica,
753 1631 813 1710 vel,
859 1630 1044 1720 ἔλευθίρους
1064 1635 1113 1698 καὶ
1133 1630 1332 1714 αὐτονόμους
1348 1633 1455 1718 χάριτι
1472 1629 1537 1716 ῥω-

137 1742 274 1804 muueris
284 1740 408 1824 publici
423 1761 507 1824 erpo.
857 1740 971 1822 μαίων.

180 1849 210 1909 3.
235 1845 448 1931 Αὐτονομίαν.
492 1843 625 1932 Nempe,
645 1843 709 1929 jus,
730 1842 816 1929 quod
902 1841 1000 1910 Hisce
1017 1854 1225 1908 consentanea
1243 1853 1316 1908 aunt
1331 1866 1400 1927 quae
1414 1841 1450 1906 in
1464 1867 1494 1906 v.
1504 1847 1535 1907 5.

137 1949 255 2038 populo
269 1950 429 2038 competit,
442 1950 575 2038 propriis
585 1951 709 2040 legibus
724 1963 814 2016 uten-
859 1946 1037 2034 apparuisse
1057 1944 1274 2023 existimarim,
1293 1968 1417 2032 nempe,
1435 1947 1536 2032 νόμον

138 2055 188 2132 di;
210 2055 423 2121 conditionem
435 2055 573 2122 civitatis
588 2080 657 2141 quae
673 2055 720 2122 sui
734 2055 815 2142 juris
857 2056 915 2121 τὸν
944 2056 1091 2134 πάτριον,
1116 2051 1198 2138 jura,
1225 2051 1328 2128 credo,
1355 2051 1536 2117 civitatibus

139 2173 201 2238 est;
223 2160 258 2224 in
272 2184 396 2249 genere,
411 2160 600 2228 libertatem.
857 2155 1015 2222 foederatis
1037 2164 1100 2243 (cp.
1121 2155 1275 2222 Herodot.
1297 2178 1318 2220 1.
1344 2161 1429 2240 143.)
1450 2181 1534 2224 com-

179 2263 321 2330 Abundc
357 2263 418 2329 hoc
449 2261 598 2329 illustrari
633 2275 737 2352 potest
772 2287 814 2329 ex
858 2261 975 2340 munia,
991 2262 1043 2327 vel
1057 2261 1092 2326 in
1106 2261 1218 2328 iisdem
1233 2261 1372 2327 fundata.

140 2371 258 2458 scriptt.
277 2393 329 2436 ex.
350 2367 602 2435 c.Liv.xxxr11.
619 2373 670 2435 38.
690 2367 746 2435 ubi
766 2368 814 2434 di·
901 2370 931 2431 8.
955 2363 1151 2454 Παρέδοσαν.
1175 2363 1392 2432 Certissimum
1402 2366 1463 2432 hoc
1478 2390 1534 2432 ex-

139 2491 254 2543 cuntur
276 2473 431 2562 Smymaei
451 2488 484 2540 ct
499 2474 705 2562 Lampsaceni
719 2473 813 2541 liber-
856 2469 1071 2549 istimaverim,
1079 2471 1134 2537 sed
1145 2470 1185 2538 de
1195 2470 1384 2559 quibusnam
1394 2471 1535 2538 dictum?

139 2593 234 2646 tatem
251 2581 472 2664 (αὐτονομίαν)
493 2591 603 2645 contra
616 2579 814 2645 Antiochum
859 2575 1029 2665 Smymaeis
1043 2575 1129 2664 ipsis,
1145 2575 1211 2643 sive
1224 2575 1383 2655 Romanis,
1399 2577 1465 2643 sive
1479 2578 1535 2643 foe·

139 2707 309 2772 usurpasse.
356 2682 409 2749 Sic
432 2682 472 2750 de
497 2683 604 2751 liberis
634 2685 814 2753 civitatibus
858 2681 972 2748 deratis
989 2683 1116 2748 illorum
1135 2681 1316 2750 civitatibus
1336 2708 1392 2772 per
1406 2684 1537 2750 Asiam?

139 2790 224 2856 Asiae
236 2788 393 2856 dissenmt
405 2787 502 2878 legati
516 2789 551 2854 in
566 2811 696 2858 xxxvn.
708 2797 771 2871 54„
783 2806 816 2859 et
859 2788 946 2870 Quid
961 2813 1053 2876 porro
1068 2788 1188 2878 negotii
1203 2788 1369 2854 innuitur?
1406 2789 1537 2856 Deditio

138 2894 170 2961 in
182 2896 246 2962 fine
261 2893 409 2960 emtionis
423 2896 607 2983 exemplum
616 2897 815 2986 Carthaginis
858 2894 956 2972 urbis,
971 2893 1052 2960 utin
1064 2893 1216 2960 Herodot.
1233 2915 1256 2959 1.
1273 2899 1352 2973 143„
1368 2896 1420 2961 vel
1435 2896 1538 2962 officia

139 2998 261 3078 citatur,
278 3021 347 3084 quae
362 3000 462 3063 libera
484 3011 554 3063 erat
570 3023 638 3064 cum
657 3005 724 3066 suis
739 3004 817 3088 lapi·
862 3000 1051 3086 εὐεργεσίας,
1077 2998 1112 3063 in
1136 2999 1251 3085 quibus
1280 3023 1312 3066 se
1341 3003 1539 3089 praebuerant

139 3107 204 3170 bus.
860 3104 1018 3170 ministros
1030 3104 1249 3192 adjutoresque
1256 3106 1430 3194 Smymaei?
1453 3107 1537 3172 Dix-

181 3211 268 3277 Hinc
295 3209 526 3298 designationes
554 3211 589 3275 in
614 3211 697 3276 Plin.
718 3232 748 3276 r.
769 3217 816 3277 18.
860 3211 1127 3300 erim‚ingenere,
1137 3212 1205 3278 haec
1217 3213 1322 3279 omnia
1333 3214 1452 3301 optime
1463 3237 1536 3280 cum

138 3318 667 3394 Laodiceulibcrc‚Antiochialib.
688 3319 817 3384 Salacia
859 3317 1090 3394 narrationibus
1119 3331 1152 3383 et
1174 3316 1261 3382 Livii
1287 3331 1319 3385 et
1344 3318 1472 3407 Polybii
1496 3319 1536 3386 de

138 3425 190 3488 lib.
205 3435 265 3490 etc.
312 3419 365 3488 Sic
384 3445 509 3507 quoque
524 3421 559 3486 in
578 3421 736 3488 nummis:
759 3446 815 3488 ex·
860 3421 999 3488 amicitia
1016 3435 1049 3488 et
1068 3421 1130 3488 fide
1150 3421 1268 3488 civium
1288 3447 1362 3512 erga
1377 3424 1535 3491 Romanos

140 3529 232 3617 empl.
263 3552 290 3594 c.
320 3527 355 3592 in
380 3525 451 3593 libr.
484 3525 654 3614 Spanhem.
683 3550 715 3614 p.
744 3528 815 3597 789.
859 3527 1036 3594 convenire.

140 3640 397 3704 ANTlOXEssN
423 3641 816 3700 ΜΗΤΡΟΠΟΛ.ΑΥΤΟ-
903 3632 1051 3721 Inprimis
1067 3633 1161 3700 obvia
1179 3634 1434 3723 estinPolybi0‚
1450 3657 1534 3702 1111.

142 3746 306 3806 ΝΟΜΟΥ.
859 3745 986 3826 5.3.sq.,
1002 3741 1138 3806 narratio
1149 3741 1362 3829 congruentiae
1373 3741 1451 3827 quid
1462 3764 1535 3808 cum

183 3843 375 3911 Conferendi
390 3856 463 3908 sunt
477 3855 510 3908 et
518 3842 592 3919 Dio,
608 3863 677 3907 sur.
697 3847 745 3907 12.
758 3844 816 3908 sub
859 3846 972 3911 nostris
986 3870 1049 3934 prae
1064 3870 1097 3912 se
1111 3846 1228 3912 ferens:
1250 3849 1338 3915 οὗτοι
1353 3853 1408 3932 (sc.
1426 3847 1534 3935 Smyr·

140 3952 192 4016 fin.
210 3950 312 4017 Strab.
325 3969 407 4014 xvn.
420 3953 450 4013 3.
466 3972 496 4036 p.
506 3952 579 4013 501.
592 3947 632 4013 T.
656 3948 814 4014 Plutarch.
859 3975 998 4018 naeorum
1006 3952 1116 4041 legati)
1132 3953 1164 4022 u
1179 3955 1327 4032 πολλοὺς
1341 3960 1398 4040 μὲν
1413 3954 1535 4022 itreho-

140 4055 173 4120 in
183 4055 426 4140 Cat.Maj.111.
449 4056 587 4139 εὐπρεπῆ
603 4054 634 4123 bi
650 4062 707 4122 τοῦ
721 4054 815 4123 πολί·
858 4063 995 4145 γισμούς
1026 4063 1210 4147 εἰσήνεγκαν
1239 4068 1314 4147 περὶ
1342 4071 1399 4138 τῆς
1428 4061 1534 4130 αὐτῶν

140 4191 201 4246 μου
220 4161 435 4245 ποιησᾶμενος
456 4163 567 4236 αἰτίαν,
585 4163 661 4236 τούς
677 4159 817 4239 ἕλληνας
859 4162 985 4239 εὐνοίας
1000 4169 1049 4230 καὶ
1063 4161 1243 4249 προθυμίας
1258 4162 1299 4240 ἣν
1320 4168 1535 4252 πορίσχηντοι

140 4265 335 4353 ἐλευθεροῦν,
350 4263 446 4350 μηδὲν
462 4263 639 4350 δεομένους,
660 4264 815 4335 ἀλλὰκαὶ
858 4266 1013 4353 ῥωμαίοις
1036 4271 1112 4336 κατὰ
1135 4270 1192 4337 τύν
1207 4273 1360 4337 ἐνεστῶτα
1382 4273 1534 4356 πόλεμον.
