3818 5094
1738 226 1787 240 lh...

760 271 1108 339 INSORIPTIONES
1130 271 1320 339 GRAECAE.
1546 275 1669 357 [mssa.
1685 295 1742 340 xx.

692 514 700 530 .
726 512 735 529 .
757 449 863 555 ρούα·
887 450 973 553 δήμ.
995 452 1196 557 ἀντιοχέων
1215 458 1288 532 τῶν
1307 455 1347 532 ἐν

712 586 763 690 τῷ
781 580 1075 690 χρυσοῤῥοάτων
1093 579 1291 689 πρότερον,

842 815 985 875 VARIAE
1006 816 1238 876 LEOTIONES.

352 933 431 998 milri
446 935 512 1000 visa
532 949 613 1014 sunt,
632 958 766 1000 marmor
780 933 967 1024 inspicienti,
988 932 1211 1021 probabiliora:
1234 933 1288 999 sed
1302 933 1342 999 de
1358 933 1555 1022 Epulonibus
1569 933 1744 1001 Arvalibus

353 1035 425 1086 sunt
439 1021 551 1106 quiex
570 1021 691 1088 schedis
707 1021 889 1086 Smithianis
908 1019 1099 1108 cogitabunt.
1144 1019 1236 1085 Hanc
1251 1019 1412 1086 materiam
1424 1020 1523 1086 fusius
1537 1021 1572 1085 in
1583 1022 1742 1085 Auctario

353 1106 492 1184 tractavi,
508 1131 560 1197 pp.
571 1111 786 1190 latre-(9.)
808 1113 843 1174 5⁸
857 1130 895 1172 ss.
906 1107 941 1172 in
956 1130 1061 1194 apogr.
1075 1114 1176 1174 AEM.
1200 1105 1303 1173 Possis
1318 1130 1442 1193 quoque
1452 1106 1537 1173 lectt.
1547 1105 1622 1173 alias
1637 1107 1744 1194 plures

614 1319 935 1378 ANNOTATIONES
956 1319 1130 1378 CRITICAE
1151 1319 1203 1377 ET
1223 1318 1475 1378 EXEGETICAE.

356 1441 558 1504 Hadrianum
568 1441 600 1502 in
609 1439 804 1522 adoptionem
815 1439 948 1500 ascitum
958 1457 1023 1498 esse
1067 1433 1200 1521 spondet
1222 1433 1412 1512 Dodwellus,
1451 1433 1498 1498 nil
1530 1457 1608 1521 opus
1637 1432 1743 1509 trisse,

350 1547 560 1629 prodiderint,
571 1546 731 1628 supposito
746 1545 803 1628 qui
811 1565 872 1627 pro
882 1543 1023 1628 Trojano
1067 1559 1189 1611 tantum
1212 1570 1287 1612 vero
1309 1545 1534 1634 obsignationis
1552 1545 1743 1620 testamenti,

346 1653 441 1734 sessa
455 1673 528 1714 voce
542 1653 731 1736 loqueretur.
1068 1653 1153 1740 quod
1163 1653 1351 1740 jamdudum
1365 1653 1480 1719 fecerat
1494 1649 1667 1736 Trajanus;
1682 1649 1743 1714 hoc

397 1755 534 1837 Quinam
548 1779 661 1844 nempe
675 1753 900 1842 prodiderrmt?
922 1753 1024 1841 Insig-
1067 1756 1178 1824 fretam
1197 1759 1364 1846 conjugem
1378 1757 1475 1822 literis
1497 1756 1564 1840 ejus
1586 1754 1627 1819 ed
1644 1753 1742 1819 Sena·

355 1863 424 1928 nior
433 1863 516 1928 inter
526 1887 578 1928 eos
586 1861 797 1951 Apronianus,
808 1859 919 1924 Dionis
928 1873 1024 1948 pater,
1067 1879 1137 1932 tum
1151 1889 1266 1931 nomen
1281 1887 1373 1930 suum
1387 1861 1609 1949 subscripsisse.

354 1985 386 2034 et
400 1969 454 2056 qui
468 1969 587 2035 Ciliciae
601 1967 734 2056 prefuit.
771 1966 845 2032 Dio.
860 1969 914 2031 abi
927 1989 1014 2052 supr.
1111 1971 1208 2037 Hisce
1230 1971 1358 2048 accedit,
1375 1969 1460 2057 quod
1473 1967 1688 2056 Apronianus,
1704 1966 1743 2031 eb

398 2076 490 2142 Hano
504 2099 570 2141 rem
584 2074 682 2142 fusius
696 2072 841 2140 arctavit
854 2072 1025 2138 eruditissi·
1067 2077 1145 2142 urbe
1159 2091 1304 2153 remotus,
1319 2076 1411 2141 rebus
1425 2074 1500 2162 ipsis
1510 2097 1575 2140 non
1589 2071 1742 2148 interfuit,

352 2179 612 2245 mueDodwellus
621 2179 881 2245 inPraelect.xvr.
891 2180 1023 2266 ppsot.
1068 2195 1101 2248 et
1114 2182 1245 2270 proinde
1260 2181 1318 2248 vix
1333 2205 1390 2270 pro
1404 2180 1518 2245 idoneo
1532 2193 1611 2245 teste
1621 2179 1741 2244 haben·

354 2309 390 2348 ss.
416 2285 472 2371 qui
490 2284 602 2350 Dionis
625 2285 691 2369 (vel
710 2286 815 2374 potius
832 2285 1024 2373 Aproniani)
1068 2287 1126 2352 dus
1140 2269 1274 2353 videtur.

353 2391 564 2456 testimonium
584 2392 711 2480 respuit,
731 2392 848 2479 quippe
868 2415 886 2457 a
905 2392 1025 2457 domes-
1111 2392 1322 2475 Quaestionem
1365 2391 1478 2480 attigit,
1513 2403 1545 2456 at
1573 2387 1741 2464 levissime,

353 2497 423 2561 ticis
448 2496 619 2563 rationibus
641 2498 861 2586 improbatum,
884 2510 917 2562 et
942 2497 1023 2584 quia,
1067 2495 1241 2574 Gibbonus,
1252 2495 1490 2584 Hiat.Oap.111.
1505 2518 1536 2582 p.
1549 2498 1600 2562 89.
1631 2493 1741 2582 Astigi

353 2614 568 2689 postmortem
586 2602 682 2680 Surae,
699 2603 799 2668 amico
811 2602 878 2688 ejus
893 2602 1023 2668 etfami·
1067 2601 1175 2689 etipse
1186 2602 1220 2666 in
1231 2601 1453 2668 commentario
1464 2623 1556 2688 supra
1566 2615 1740 2664 memorato

353 2706 422 2772 liari
438 2707 636 2794 adoptionem
658 2708 817 2796 pollicitus
829 2708 930 2774 fuerat
946 2708 1023 2773 Tra·
1066 2709 1100 2773 in
1112 2709 1236 2775 Praefat.
1252 2733 1283 2798 p.
1297 2715 1344 2775 10.
1794 2729 1803 2839 p

349 2813 727 2900 janusperapouaicnem.
756 2815 823 2880 Neo
838 2815 903 2880 vim
918 2815 1023 2880 deesse
1108 2812 1739 2905 1bid.optrprta.InEnehirld.Passovii
1784 2849 1794 2963 p

354 2929 537 3003 argumento
551 2940 594 2982 ex
605 2917 775 2994 consulatu,
788 2941 881 3004 quem
890 2916 1023 2981 Plotina
1066 2924 1232 3008 φρατριεὺς
1246 2947 1278 2980 =
1292 2920 1431 3008 φρᾶτωρ,
1441 2923 1497 2980 wie
1508 2921 1644 3005 φρατήρ,
1655 2919 1740 2981 Mir—
1777 2955 1779 2962 ,

353 3017 457 3084 favore
472 3019 575 3107 gessit,
594 3043 697 3106 neque
711 3020 844 3085 Plotinae
865 3020 926 3108 ipsi
940 3019 1022 3086 exis·
1062 3029 1152 3114 plied
1165 3031 1250 3090 einer
1261 3028 1395 3113 φράτρα.
1415 3025 1565 3098 Coriolis,
1585 3023 1738 3087 Tribulis.
1774 2966 1784 3087 l

353 3124 546 3190 timotionem
559 3139 590 3191 et
601 3125 704 3204 fidem,
718 3150 786 3212 quae
798 3126 922 3192 semine
936 3151 1022 3192 sano·
1067 3135 1095 3195 2.
1111 3133 1168 3216 bey
1183 3133 1282 3196 Dior.
1299 3132 1378 3194 Hal.
1393 3132 1450 3193 der
1461 3131 1556 3195 Ram.
1572 3131 1681 3194 Cario.
1762 3187 1763 3190 ,

353 3227 478 3294 tissimre
493 3229 599 3296 laudes
614 3231 737 3310 meruit,
750 3257 818 3318 quae
834 3232 868 3298 in
883 3233 977 3298 decus
991 3247 1024 3299 et
1109 3235 1202 3300 Certe
1227 3234 1353 3299 videtur
1377 3235 1511 3320 officium
1540 3234 1753 3318 sacerdotale,

353 3331 484 3418 gloriam
503 3335 607 3400 mariti
625 3337 724 3413 cessit,
742 3337 832 3422 cujus
849 3336 937 3402 nulla
950 3336 1023 3402 vitae
1066 3337 1118 3404 hic
1129 3337 1228 3403 innui.
1250 3338 1342 3403 Atin
1351 3336 1514 3424 Dionysio,
1525 3338 1739 3425 AntipRom.

353 3461 422 3522 pars
436 3453 502 3505 erat
512 3441 681 3508 honestatis
692 3466 820 3532 expers:
835 3467 913 3520 eam,
926 3467 1023 3529 quum
1067 3467 1102 3510 11.
1114 3448 1152 3522 7.,
1165 3445 1361 3534 appellantur
1370 3450 1511 3510 curiones
1524 3452 1708 3535 φρατρίαρχ

352 3543 423 3608 talis
438 3545 539 3624 fuerit,
551 3547 676 3613 fraudes
690 3561 822 3615 tentasse
837 3573 960 3636 prorsus
974 3549 1022 3614 iu·
1067 3563 1099 3615 et
1109 3551 1263 3638 λοχαγοὶ,
1279 3551 1414 3614 curiales
1429 3572 1503 3614 vero
1518 3559 1690 3637 φρατριεῖς,
1707 3549 1713 3561 ’

353 3649 501 3716 credibile
516 3675 589 3718 esse.
612 3653 671 3740 Op.
688 3654 770 3720 Plin.
787 3658 893 3740 Epist.
909 3675 955 3720 rx.
972 3659 1022 3719 28.
1066 3661 1154 3723 obl.

358 3758 400 3830 l.;
424 3759 821 3844 Paneqyr.1.xxx111.e.;
845 3761 917 3826 Dio.
933 3763 1022 3825 Hirr.
1108 3762 1297 3828 Audiendus
1320 3760 1464 3837 Pitisous,
1488 3763 1601 3826 Leria.
1626 3763 1678 3826 Aa

353 3867 512 3927 ffl111·5·
1066 3869 1322 3957 Rom.r.p.612.
1371 3869 1527 3944 Ceriales,
1547 3870 1685 3934 siveDe

397 3967 459 4033 Sed
474 3970 576 4057 pergit
590 3971 669 4036 Dio:
685 3984 753 4050 ταῖς
765 3974 949 4052 ἐπιστολαῖς
964 3980 1023 4044 οὐκ
1064 3982 1175 4053 nones,
1187 3980 1219 4040 in
1236 3999 1423 4062 unaquaque
1435 3976 1510 4038 urbe
1523 3985 1614 4038 eram
1625 3979 1655 4038 ci

351 4074 456 4155 αὐτὸς,
469 4074 574 4153 ἆλλίἱ
591 4078 740 4144 Πλωτίνα
752 4081 942 4166 ὑπέγραψεν.
960 4080 1021 4148 Re·
1065 4086 1106 4147 tia
1116 4085 1288 4168 principes,
1305 4094 1335 4146 et
1350 4083 1443 4168 quusi
1456 4089 1624 4144 senatores.

1804 2669 1807 2715 l
