3818 5094
699 1179 1011 1274 SARDES.

749 1379 827 1432 Τννο.
845 1378 959 1432 SART.

156 1551 208 1616 Da
230 1550 380 1618 Sardibus
402 1551 511 1618 scribit
533 1551 677 1617 Plinius:
704 1553 767 1618 “A
786 1550 932 1617 Maeoniis
955 1550 1066 1617 civitas
1088 1550 1156 1639 ipsa
1181 1550 1278 1639 Hyde
1301 1551 1437 1618 vocitata
1459 1567 1506 1617 est
1519 1561 1548 1617 :”

157 1657 267 1723 Strabo
282 1680 415 1744 quoquc,
429 1661 458 1726 ol
474 1657 506 1726 δὲ
521 1663 579 1737 τὰς
590 1658 716 1745 σάρδεις
731 1659 809 1738 utra
824 1657 1051 1744 ὀνομάζουσιν,
1069 1663 1099 1726 ol
1116 1657 1147 1726 δὲ
1163 1662 1221 1737 τὴν
1242 1659 1420 1743 ἀκρόπολιν
1439 1660 1545 1736 αὐτῆς.

155 1762 209 1827 Ex
224 1761 309 1827 fonte
324 1763 494 1829 Homerico
509 1763 613 1830 hausit
627 1764 816 1853 Hesychius,
832 1788 873 1831 so.
888 1768 916 1831 ὖ.
932 1769 1005 1829 385.
1050 1763 1133 1830 Urbs
1148 1777 1231 1829 certe
1246 1762 1382 1840 illustris,
1403 1763 1546 1851 interque

154 1868 351 1955 antiquiores,
368 1869 602 1958 Lydorumque,
618 1895 695 1957 quos
711 1871 868 1936 Homerus
884 1870 1023 1936 Maeonas
1037 1869 1182 1957 appellat,
1197 1869 1284 1934 sedes
1299 1868 1393 1957 regia.

218 1974 395 2041 Heraclida
409 1978 511 2065 primo
526 1994 738 2054 memorantur
751 1979 870 2068 regiam
885 1977 1071 2066 dignitatem
1086 1976 1179 2044 nacti.
1224 1976 1295 2044 Hac
1319 1976 1414 2064 stirpe
1438 1977 1544 2042 oriun-

153 2079 212 2146 dus
226 2080 326 2170 Agro,
350 2083 406 2169 qui
429 2084 534 2150 sedem
555 2085 705 2151 Sardibus
723 2085 816 2151 fixit:
840 2098 1012 2174 postremus
1034 2096 1223 2150 memoratur
1243 2083 1427 2159 Candaules,
1452 2107 1546 2170 quem

153 2185 271 2275 Gyges,
287 2186 469 2276 impellente
483 2190 600 2280 regina,
615 2191 749 2268 necavit,
765 2190 970 2277 fundavitque
985 2189 1152 2278 imperium
1168 2187 1431 2254 Mermnadarum.

218 2291 383 2381 Regnante
393 2295 515 2385 Ardye,
531 2296 586 2383 qui
601 2295 764 2384 proximus
779 2295 902 2385 aGyge
916 2295 986 2373 fuit,
1003 2293 1208 2361 aCimmeriis
1221 2293 1333 2361 Sardes
1347 2309 1544 2383 expugnatae,

154 2420 234 2485 quos
248 2397 376 2464 demum
390 2400 511 2489 Ardyis
525 2425 621 2490 nepos
633 2402 779 2490 Alyattes
793 2425 836 2468 ex
844 2401 924 2466 Asia
937 2399 1125 2490 profligavit.
1148 2399 1364 2466 Memorantur
1377 2413 1448 2489 post
1459 2401 1545 2466 Cim·

154 2502 268 2570 merios
283 2527 302 2570 a
318 2503 470 2573 Strabone
485 2525 716 2597 expugnatores
731 2509 822 2575 Treri
838 2507 1001 2598 Lyciique.

219 2613 425 2703 Splendorem
448 2612 622 2678 maximum
639 2614 698 2679 sub
718 2613 825 2679 Croeso
845 2613 956 2679 Sardes
982 2625 1127 2680 amecutae
1144 2637 1152 2678 :
1172 2612 1248 2678 hino
1272 2610 1396 2700 ἐξόχως
1416 2612 1545 2678 “Croeei

153 2716 256 2806 regia”
271 2718 311 2783 ab
325 2714 460 2782 Horatio
474 2729 681 2804 nuncupatur.
704 2715 782 2794 Nec,
797 2730 834 2782 ut
847 2716 1052 2795 notissimum,
1069 2717 1124 2783 diu
1139 2717 1253 2783 mansit
1266 2716 1443 2805 imperium.
1465 2719 1543 2785 Vic-

153 2821 272 2888 toribus
289 2820 374 2909 Cyro
386 2819 550 2906 Persisque
566 2843 639 2908 opes
654 2835 685 2886 et
699 2844 832 2910 regnum
847 2834 1013 2897 cesserunt,
1030 2820 1230 2908 Satrapaeque
1245 2820 1391 2909 praefecti.

157 2951 161 2956 ’
219 2927 316 2994 Dario
337 2927 531 3015 (Hystaspis)
555 2941 714 3016 regnante,
738 2927 936 3016 Aristagoras
952 2927 1095 2993 Milesius
1118 2927 1264 2994 adversus
1280 2927 1392 2994 Sardes
1415 2929 1545 3016 expedi-

155 3032 273 3099 tionem
294 3032 438 3120 suscepit,
455 3032 625 3120 domosque
644 3056 687 3098 ex
706 3032 858 3099 arundine
877 3045 1077 3111 constructas,
1093 3046 1126 3100 et
1140 3032 1275 3122 Cybeles
1290 3032 1443 3120 templum
1462 3058 1545 3100 com-

154 3139 265 3206 bussit.

219 3243 363 3310 Hiberna
378 3241 423 3308 ibi
439 3241 579 3318 Xerxes,
589 3239 744 3307 Graeciam
763 3240 938 3320 invasurus,
955 3240 1139 3306 constituit:
1162 3263 1380 3328 praeconesque
1403 3243 1444 3308 ad
1458 3243 1545 3310 Grae-

158 3374 267 3416 corum
281 3349 424 3415 civitotes
438 3348 524 3413 misit
536 3363 574 3413 ut
587 3372 700 3435 aquam
714 3362 899 3435 terramque,
915 3349 1111 3415 subditorum
1124 3373 1263 3426 munera,
1279 3349 1489 3438 deposcerent.

219 3455 385 3521 Persarum
404 3452 536 3540 imperio
551 3451 650 3528 finito,
672 3475 775 3517 rerum
795 3452 888 3540 potiti
908 3468 981 3518 sunt
995 3453 1193 3520 Macedones.
1237 3455 1325 3520 Inter
1342 3455 1458 3543 primos
1474 3456 1545 3523 sar-
1579 3456 1583 3466 '

156 3561 250 3639 diani,
274 3561 440 3648 statimque
464 3573 534 3648 post
562 3560 704 3647 praelium
730 3561 770 3626 ad
787 3561 968 3639 Granicum,
994 3563 1103 3628 urbem
1126 3561 1311 3628 Alexandro
1333 3562 1369 3626 in
1392 3561 1543 3629 ditionem

156 3665 352 3733 dediderunt.
396 3664 576 3731 Clementer
589 3678 731 3752 acceptos
745 3664 846 3730 victor
860 3669 1058 3752 αὐτονόμους
1072 3666 1213 3733 faciebat.

220 3774 271 3840 Ibi
291 3796 376 3839 soror
398 3773 465 3858 ejus
480 3771 654 3861 Cleopatra,
675 3773 817 3839 certatim
836 3799 856 3839 a
872 3774 1072 3841 nobilissimis
1092 3776 1209 3841 ambita
1226 3772 1367 3851 ducibus,
1386 3773 1543 3862 Antigoni

153 3882 250 3967 jussu,
266 3895 337 3947 ante
351 3881 533 3968 nuptiarum
547 3881 806 3960 conciliationem,
821 3907 878 3973 per
886 3883 994 3950 dolum
1009 3908 1027 3949 a
1040 3883 1186 3972 praesecto
1200 3881 1453 3948 muliercularum
1469 3906 1543 3969 qua-

158 3987 288 4052 rundam
303 4010 397 4073 opera
410 3997 520 4050 necata
534 3998 589 4051 est.

159 4105 161 4110 '
220 4092 386 4182 Flagrante
401 4092 485 4158 bello
508 4117 617 4182 regum
641 4091 857 4159 faederatorum
882 4107 991 4161 contra
1008 4092 1217 4182 Antigonum,
1241 4094 1353 4160 urbem
1378 4115 1542 4178 arcamque

158 4199 395 4265 munitissimam
410 4199 576 4287 occupavit
589 4225 607 4266 e
622 4199 754 4267 ducibus
770 4202 950 4290 Lysimachi
965 4226 1055 4280 unus,
1072 4201 1249 4289 Prepelaus.

220 4305 370 4373 Sardiano
385 4305 449 4372 sola
463 4331 505 4373 ex
520 4307 605 4372 Asiae
619 4309 799 4376 civitatibus
814 4311 954 4378 Nicatori
969 4311 1091 4379 obstitit
1105 4311 1139 4376 in
1152 4311 1235 4378 bello
1250 4310 1318 4398 ejus
1332 4321 1439 4378 contra
1453 4307 1544 4396 Lysi·

843 4438 861 4482 s
