3818 5094
374 498 412 558 14
782 486 1130 556 INSCRIPTIONES
1153 488 1343 556 GRAECAE.

371 680 439 731 tens
450 663 655 741 Aristonicus,
669 662 821 750 Ephesios
836 661 943 749 praelio
958 661 1061 726 navah
1076 661 1243 728 infeliciter
1257 661 1382 727 adortus
1396 674 1451 728 est.
1496 661 1543 727 At
1557 663 1590 726 in
1605 662 1668 728 fide
1688 685 1763 749 erga

372 774 528 837 Romanos
550 771 634 835 cives
656 769 786 833 minime
814 781 989 832 constantes
1012 767 1199 831 manebant:
1222 789 1295 830 nam
1314 765 1465 854 flagrante
1488 766 1572 832 bello
1594 766 1763 832 Mithrida·

370 880 442 956 tico,
458 878 540 966 regis
554 891 656 965 partes
671 874 804 963 sequuti,
819 873 976 938 Romanos
995 871 1079 937 intra
1099 871 1215 936 moenia
1229 871 1427 937 trucidabant
1441 871 1504 937 fore
1526 887 1662 950 cunctos,
1679 871 1765 958 quod

374 984 469 1050 Sullae
482 983 661 1059 vindictam,
671 981 868 1066 nominisque
881 980 976 1044 totius
986 979 1138 1067 Ephesini
1153 979 1289 1046 exitium
1303 1003 1384 1066 pene
1399 1003 1505 1045 secum
1519 979 1625 1045 traxit.
1648 978 1764 1044 Edocti

372 1091 501 1168 saniora,
515 1089 655 1177 legatum
670 1086 873 1163 Mithridatis,
890 1085 1073 1162 Zenobium,
1085 1085 1119 1150 in
1134 1109 1288 1152 carcerem
1300 1099 1421 1150 trusum
1430 1085 1667 1162 interficiebant,
1680 1099 1763 1152 cete-

372 1197 414 1261 ris
428 1197 482 1272 ita,
499 1194 674 1272 Trallianis,
691 1193 894 1282 Hypaepenia,
916 1193 1176 1280 Metropolitanis,
1194 1193 1372 1281 Smymaeis,
1388 1193 1441 1257 via
1455 1207 1561 1280 aperta
1572 1191 1763 1259 desectionis.

372 1304 430 1390 Cp.
443 1302 514 1368 Liv.
528 1305 720 1365 xxxv11.45.
735 1326 742 1376 ;
761 1318 903 1362 xxxvur.
920 1303 971 1366 39.
986 1323 993 1374 ;
1017 1297 1209 1363 Freinshem.
1227 1301 1539 1384 Supplem.r.1x.20;
1559 1304 1740 1364 nxxv111.4.
1755 1326 1763 1377 ;

371 1428 497 1470 nxxxrr.
513 1408 566 1471 46.
582 1430 627 1483 s.;
649 1406 788 1493 Appian.
807 1405 888 1470 Bell.
905 1408 1056 1470 Mirarid.
1073 1408 1124 1471 61.

435 1512 554 1578 Civitas
573 1536 647 1577 vero
668 1511 779 1576 Dianae
802 1523 868 1576 erat
887 1510 984 1576 instar
1002 1510 1143 1575 omnium
1159 1509 1312 1598 Ephesus.
1358 1511 1444 1578 Hinc
1455 1511 1535 1597 juris
1555 1523 1610 1591 τῆς
1626 1514 1763 1591 ἀσυλίας

370 1618 541 1684 vindicatio
565 1619 649 1706 apud
665 1618 821 1694 Tacitum,
838 1619 954 1683 Annal.
973 1639 1023 1683 111.
1039 1619 1090 1684 61.
1115 1641 1187 1684 cum
1211 1617 1411 1684 contentione
1435 1620 1591 1698 acerrima,
1612 1637 1762 1708 regnante

370 1732 508 1810 Tiberio,
521 1746 698 1798 certaretur.
726 1733 890 1821 Ephesum
899 1731 1041 1798 ferebant
1050 1731 1145 1820 legati
1157 1731 1360 1796 Latoidamm
1375 1733 1530 1799 natalem:
1547 1758 1630 1800 aram
1645 1759 1763 1801 sacram

368 1838 425 1903 ubi
448 1837 642 1926 supplicibus
656 1836 855 1902 Amazonum
881 1834 1004 1922 ignovit
1030 1849 1118 1922 pater
1132 1833 1249 1900 Liber:
1271 1833 1480 1902 caerimoniam
1506 1849 1611 1902 autem
1635 1838 1762 1926 templo,

370 1944 516 2010 Herculis
539 1967 695 2020 concessu,
717 1955 849 2019 auctam,
865 1966 938 2008 cum
950 1941 1058 2029 ‘Lydia
1081 1941 1253 2029 potiretur:
1276 1965 1334 2006 nec
1349 1942 1513 2007 Persarum
1529 1942 1647 2008 ditione
1663 1942 1763 2008 demi-

368 2064 481 2115 nutum
491 2050 564 2136 jus:
586 2063 656 2137 post
674 2049 874 2125 Macedonas,
889 2048 963 2114 dein
975 2048 1141 2123 Romanos,
1161 2047 1338 2112 servavisse.
1382 2047 1505 2136 Mythis
1519 2049 1670 2115 habemus
1689 2073 1763 2116 con-

370 2156 554 2222 sentientem
565 2155 760 2233 Strabonem,
776 2155 831 2240 qui
846 2154 953 2220 lucum
963 2152 1143 2241 Ortygium,
1156 2152 1356 2228 Cenchrium
1366 2168 1489 2240 partum
1502 2153 1630 2220 Latonae
1645 2165 1764 2220 memo*-

370 2277 418 2327 rat
438 2268 519 2344 (xrv.
539 2268 566 2326 l.
582 2287 613 2349 p.
633 2265 716 2343 173.)
742 2273 774 2327 at
796 2285 861 2326 non
886 2260 1066 2326 audientem
1086 2259 1180 2325 fuisse
1199 2259 1431 2347 Imperatorem,
1453 2261 1507 2346 qui
1526 2261 1581 2346 jus
1606 2261 1763 2349 asylorum

372 2369 497 2456 penitus
521 2368 669 2434 abolevit.
712 2367 780 2434 Nec
803 2367 907 2432 minus
920 2366 1166 2433 benivolentiam
1188 2366 1312 2453 experti
1338 2366 1431 2443 cives,
1447 2366 1670 2434 instauratione
1685 2368 1766 2435 sacta

369 2477 456 2542 urbis
477 2491 548 2564 post
573 2491 687 2544 terram
712 2478 850 2566 graviter
871 2491 998 2544 motam.
1019 2503 1067 2566 cp.
1084 2479 1185 2544 Tacit.
1206 2501 1242 2544 11.
1262 2482 1336 2556 47.;
1359 2500 1403 2543 rv.
1430 2485 1486 2557 13.,
1512 2503 1584 2546 cum
1609 2504 1763 2548 mannore

371 2583 545 2648 Puteolano
560 2583 612 2650 cit.
624 2583 657 2648 in
673 2598 737 2649 not.
754 2585 878 2649 Emest.

435 2689 624 2754 Prodicumt
647 2713 771 2775 quoque
803 2690 928 2778 templa,
953 2713 1086 2775 quorum
1112 2690 1316 2777 perhibentur
1338 2692 1418 2756 tria:
1441 2692 1576 2779 primum
1600 2717 1619 2757 a
1639 2692 1765 2759 Chersi-

371 2795 491 2881 phrone
513 2810 732 2862 exstructum:
755 2797 936 2875 secundum,
953 2798 1038 2884 quod
1053 2800 1092 2864 ab
1108 2798 1290 2864 Herostrato
1309 2798 1492 2865 incensum:
1515 2800 1643 2864 tertium
1663 2801 1764 2865 archi·

373 2904 447 2970 tecti
463 2903 653 2970 Chirocratis
676 2928 763 2992 opus,
790 2904 902 2968 mundi
924 2903 1118 2970 miraculum.
1162 2902 1337 2989 Antiquius
1362 2902 1450 2979 illud,
1475 2901 1597 2989 aevique
1620 2904 1764 2991 mythici,

373 3009 462 3094 cujus
485 3009 677 3076 mentionem
699 3009 773 3076 facit
796 3009 965 3076 Pausanias
981 3015 1052 3092 (vu.
1069 3013 1099 3074 2.
1114 3014 1152 3088 s.)
1173 3008 1388 3073 Amazonibus
1412 3008 1603 3094 abjudicans,
1624 3009 1765 3077 tribuens

373 3137 448 3178 vero
462 3113 636 3202 αὐτόχθοσι
652 3113 848 3200 quibusdam,
861 3112 988 3200 Epheso
1003 3127 1035 3177 ct
1046 3112 1150 3188 Creso,
1167 3111 1295 3176 missum
1309 3112 1398 3178 facio.

438 3218 645 3284 Exstrnctum
659 3233 706 3284 est
720 3244 738 3284 a
754 3233 820 3284 tota
834 3218 921 3294 Asia,
934 3231 1036 3306 spreta
1050 3217 1235 3284 liberalitate
1246 3217 1433 3294 Alexandri,
1450 3242 1602 3284 annorum
1614 3219 1766 3288 ducento-

373 3346 444 3386 rum
460 3323 573 3411 viginti
584 3348 671 3412 opus.
716 3323 806 3388 Dicit
816 3347 940 3409 quoque
951 3322 1074 3388 Plinius
1086 3321 1384 3409 quadringentorum
1397 3348 1405 3400 ;
1427 3346 1485 3387 nee
1496 3323 1578 3388 inest
1591 3327 1767 3394 contradic-

373 3429 427 3507 tio,
441 3431 467 3496 si
482 3447 665 3519 computum
679 3432 786 3498 inieris
801 3434 840 3498 ab
855 3456 937 3498 anno
952 3456 1014 3517 quo
1029 3429 1236 3518 triumphavit
1251 3429 1393 3494 Macedo.
1437 3429 1505 3496 Neo
1521 3432 1607 3496 abest
1621 3455 1766 3498 nummo·

374 3558 444 3600 rum
464 3535 561 3614 fides;
583 3558 634 3604 ex.
650 3561 676 3603 c.
694 3536 877 3614 Domitiani,
902 3538 953 3603 cui
976 3538 1162 3625 impressum
1178 3546 1371 3614 ΜΑΡΑΝΣ,
1387 3538 1418 3601 h.
1430 3563 1466 3616 e,
1483 3538 1667 3605 enucleante
1682 3541 1766 3608 Har-

375 3641 481 3718 dnin0,
496 3644 640 3730 μεγάλης
655 3642 820 3729 ιἰρτέμιδος
836 3646 913 3711 ναὸν
929 3643 1003 3710 ricla
1018 3647 1203 3710 συνέκτισεν.
1248 3641 1393 3729 Ephesus
1404 3641 1484 3720 ideo,
1497 3659 1614 3709 sacrata
1627 3645 1767 3735 relligio·

376 3752 424 3816 nis
443 3752 539 3830 sedes,
554 3753 674 3818 eximio
692 3775 783 3818 sensu
798 3752 954 3818 ferebatur
969 3749 1132 3838 ιἰρτέμιδας
1148 3753 1315 3834 νεωκόρος.
1360 3749 1411 3814 Ibi
1425 3749 1624 3818 solennitates
1644 3779 1767 3836 annuae,

377 3861 473 3928 annui
493 3877 665 3929 conventus
684 3859 839 3946 (σύνοδοι,
864 3861 1082 3947 πανηγύρεις),
1098 3855 1186 3932 lndi;
1208 3855 1255 3920 ibi
1274 3854 1498 3920 Asiarcharum
1517 3858 1694 3946 collegium,
1712 3866 1768 3950 qui

377 3969 547 4036 certamina
568 3969 703 4035 edebant
721 3967 977 4050 ordinabantque,
996 3963 1134 4051 virgines
1154 3959 1270 4048 virgini
1286 3961 1427 4040 addictae,
1444 3961 1654 4052 Megalobyzi,
1670 3968 1768 4036 simu.

376 4076 495 4140 lacrum
519 4075 667 4159 (ξόανον)
691 4099 710 4142 a
733 4074 812 4141 coelo
837 4072 1008 4159 delapsum.
1062 4069 1150 4151 Quid
1171 4069 1285 4133 mirum
1309 4068 1407 4157 igitur
1433 4068 1565 4135 victores
1594 4071 1769 4141 effraenatos

376 4179 558 4246 violentiam
581 4179 773 4258 abstinuisse,
798 4192 852 4246 aut
874 4177 962 4243 vanis
976 4177 1144 4242 terroribus
1164 4174 1317 4262 impletos,
1338 4188 1393 4240 ant
1412 4197 1503 4239 sensu
1519 4177 1655 4261 quodam
1671 4193 1769 4248 tactos

377 4283 603 4351 humanitatis?
658 4285 802 4351 Xerxem
827 4305 937 4366 manus
960 4279 1160 4348 cohibuisse:
1188 4280 1311 4347 civibus
1335 4280 1556 4348 Alexandrum
1582 4283 1768 4370 libertatem,
