3818 5094
340 418 377 477 10
721 419 968 485 PRAEFATIO
990 421 1056 484 AD
1079 420 1340 488 LECTOREM.

336 587 546 662 adminiculi
574 590 774 679 conferunt,
798 594 998 690 praesertim
1020 597 1202 670 XXmum
1219 597 1322 684 illud,
1347 595 1394 670 ad
1415 596 1519 669 litem
1544 593 1589 666 de
1623 591 1732 689 adop·

337 709 435 781 tione
454 708 631 784 Hadriani
654 711 902 801 dirimendam,
930 738 1012 811 quae
1040 716 1204 792 aCassio
1230 717 1403 790 historico
1430 728 1528 788 mota
1550 711 1733 787 Dodwelli

338 830 451 902 nostri
468 830 654 928 ingenium
665 831 756 904 adeo
769 835 944 919 exercuit,
955 834 1159 931 legentibus
1168 834 1407 930 judicandum
1419 833 1598 931 permitto.
1625 833 1733 904 Hanc

340 953 574 1045 quaestionem
596 953 634 1023 in
663 953 757 1026 notis
785 953 874 1025 meis
892 952 1049 1025 delibavi
1070 983 1078 1044 ;
1104 951 1218 1026 fusius
1246 979 1333 1027 vero
1357 963 1544 1026 tractatam
1571 951 1608 1022 in
1627 949 1734 1022 Actis

338 1073 549 1146 Academiae
562 1073 685 1170 Regia
698 1073 908 1145 Hibernieae
922 1073 1047 1171 (venia
1059 1073 1157 1144 bona
1171 1073 1303 1166 loquor
1315 1071 1532 1146 Cunctorum
1551 1069 1614 1164 qui
1623 1067 1732 1140 laude

340 1215 478 1264 summa
490 1191 767 1266 Commentariis
785 1189 935 1262 edendis
948 1191 1138 1286 praesunt),
1152 1190 1339 1263 invenient
1352 1190 1471 1263 docti:
1491 1214 1633 1262 necnon
1650 1213 1733 1260 con-

334 1326 494 1420 jecturas
520 1322 694 1419 quasdam
721 1314 933 1419 arape‘pyous
961 1321 1007 1395 de
1035 1323 1143 1395 titulo
1171 1323 1313 1421 insigni,
1343 1322 1527 1419 Ephesino
1551 1323 1640 1406 Imo,
1666 1320 1732 1392 ubi

339 1447 545 1522 solennitati
569 1471 678 1518 sacrae
701 1445 952 1518 Artemisiacae
979 1469 1027 1517 ex
1045 1446 1302 1544 AEgyptiorum
1329 1445 1503 1542 religione
1526 1441 1734 1540 procuratio

339 1566 486 1640 accedit.
531 1566 630 1638 Huic
644 1565 879 1663 disputationi
896 1566 999 1652 inest,
1018 1566 1126 1661 quod,
1144 1578 1186 1639 ut
1203 1565 1374 1663 expediat
1387 1579 1423 1638 et
1439 1565 1605 1649 illustret,
1623 1587 1661 1635 se
1679 1587 1734 1634 ac-

339 1688 501 1784 cingeret
518 1688 653 1760 amicus
671 1711 782 1774 meus,
800 1687 838 1759 in
856 1687 970 1759 literis
987 1687 1271 1785 hierographicis
1289 1687 1560 1772 versatissimus,
1580 1683 1733 1758 Carolus

341 1808 544 1883 Guilelmus
562 1808 671 1892 Wall,
695 1809 828 1906 linguae
857 1821 987 1882 sanctae
1010 1809 1049 1880 in
1067 1809 1269 1883 Academia
1286 1808 1518 1882 Dubliniensi
1535 1802 1732 1889 Professor,

339 1951 557 2024 magnopere
575 1926 694 1998 velim.

414 2049 458 2120 In
476 2047 590 2120 titulis
609 2045 818 2119 ordinandis
835 2070 893 2118 res
912 2047 990 2144 ipsa
1006 2049 1102 2120 viam
1121 2048 1257 2144 aperiit.
1303 2050 1473 2120 Praeeunt
1490 2047 1553 2143 qui
1567 2046 1612 2120 ad
1626 2071 1733 2144 nego·

340 2163 390 2235 tia
403 2164 549 2259 publica
562 2175 746 2260 spectant;
765 2162 860 2247 dein,
879 2163 970 2235 serie
984 2164 1144 2260 colligati
1156 2164 1223 2236 hos
1237 2165 1426 2261 excipiunt
1443 2166 1575 2260 quibus
1592 2190 1650 2237 res
1663 2166 1731 2261 pri-

339 2297 505 2357 vatorum
522 2297 729 2358 tractantur.
781 2286 863 2356 Lex
879 2285 918 2356 in
934 2285 1033 2358 hisce
1057 2310 1198 2384 semper
1214 2285 1293 2375 fuit,
1310 2301 1352 2360 ut
1369 2288 1429 2359 cui
1446 2287 1601 2384 dignitas
1618 2287 1734 2380 major

337 2406 480 2492 inesset,
499 2404 655 2502 dignitas
672 2405 744 2477 loci
761 2406 990 2478 tribueretur.
1042 2407 1267 2480 Recentioris
1290 2407 1414 2494 aetatis,
1432 2431 1562 2503 nempe
1586 2407 1645 2478 vel
1663 2409 1732 2505 By-

339 2526 492 2598 zantinae
510 2524 569 2597 vel
587 2523 901 2598 Mohammedanae
920 2526 1022 2623 (nam
1040 2537 1077 2599 et
1094 2525 1260 2622 quaedam
1277 2527 1429 2623 hujusce
1446 2525 1571 2599 farinae
1593 2524 1731 2612 admisi,

338 2645 379 2716 id
395 2670 469 2718 non
485 2645 725 2741 injucundum
742 2645 819 2720 fore
837 2647 897 2719 vel
914 2647 1194 2745 elegantioribus
1217 2649 1346 2742 ratus),
1364 2647 1577 2746 epigraphes
1594 2647 1731 2742 ubique

339 2764 386 2839 ad
399 2766 533 2839 calcem
548 2766 722 2864 ablegavi‚
732 2766 879 2840 levioris
893 2769 1027 2866 quippe
1044 2769 1226 2856 momenti,
1239 2781 1276 2842 et
1293 2768 1519 2842 solummodo
1529 2769 1568 2840 in
1580 2769 1732 2866 gratiam

338 2899 484 2972 illorum
502 2900 575 2994 qui,
594 2913 635 2972 ut
654 2900 821 2973 Tulliane
839 2901 977 2996 loquar,
995 2902 1033 2974 in
1052 2902 1258 2975 curiositate
1279 2891 1468 2998 ὀξύπεινοι
1487 2912 1580 2987 sunt,
1598 2900 1732 2973 chartis

338 3014 534 3102 mandatas,
551 3016 597 3090 de
616 3015 851 3115 singularium
869 3017 995 3090 ordine
1014 3042 1159 3090 nexuve
1177 3019 1324 3091 minime
1342 3031 1509 3092 moratus.

414 3137 583 3231 Denique
612 3137 685 3209 LL.
711 3137 785 3209 BB.
813 3137 1115 3212 commonefactos
1143 3140 1253 3211 velim
1281 3139 1381 3234 quod
1407 3139 1659 3235 inscriptiones
1687 3142 1733 3212 ab

341 3259 439 3331 omni
455 3258 531 3331 sere
549 3271 649 3356 parte
672 3271 882 3356 expurgatae
904 3261 1091 3348 accedunt,
1109 3286 1183 3332 non
1200 3261 1324 3356 quales
1341 3261 1436 3332 inter
1453 3257 1733 3332 describendum

340 3380 494 3453 exaravi.
546 3377 611 3452 Ad
628 3379 747 3452 studia
768 3405 847 3452 mea
863 3405 1068 3467 conversus,
1089 3381 1283 3476 literasque
1301 3381 1505 3479 penitiores,
1523 3379 1644 3476 plures
1662 3404 1733 3452 ma-

339 3511 437 3584 culas
456 3510 584 3607 reperi,
602 3511 724 3606 plures
743 3503 1026 3604 σολοικισμούς,
1044 3514 1164 3600 imm0,
1182 3513 1381 3599 hincinde,
1400 3536 1524 3584 sensus
1542 3511 1653 3584 totius
1671 3535 1732 3583 ex-

338 3644 477 3729 pertem
491 3631 699 3718 orationem,
714 3633 847 3726 quibus
860 3633 1086 3720 medicinam,
1102 3635 1243 3729 qualem
1257 3633 1370 3730 potui,
1385 3632 1556 3704 adhibere
1570 3631 1731 3704 decebat.

340 3751 575 3826 Exhibendas
593 3752 677 3824 ideo
701 3754 825 3826 curavi
842 3755 966 3849 quales
984 3755 1151 3851 primitus
1174 3754 1337 3828 extitisse
1362 3752 1481 3838 credo,
1500 3751 1649 3824 sanioris
1667 3753 1733 3824 cri·

338 3873 426 3945 tices
445 3872 672 3946 adminiculis
689 3873 847 3961 innixus,
867 3875 1046 3970 simulque
1075 3900 1158 3948 cum
1175 3875 1232 3946 his
1260 3872 1465 3971 apographa
1481 3873 1520 3944 in
1535 3871 1629 3944 notis
1643 3872 1732 3946 VV.

339 3994 412 4066 LL.
431 3992 478 4065 ad
495 3994 662 4065 amussim
681 3993 862 4091 descripta
882 4021 931 4067 ex
953 3994 1219 4068 commentariis
1243 3991 1542 4091 opisthographis‚
1570 4005 1611 4064 ut
1636 4017 1733 4065 verat

340 4114 482 4185 'llorum
496 4113 668 4210 imagines
687 4137 768 4209 quae
786 4141 807 4189 a
823 4118 1064 4190 monumentis
1082 4116 1169 4214 ipsis
1187 4114 1387 4189 referebam
1403 4113 1601 4211 legentium
1618 4113 1733 4186 oculis

336 4232 607 4329 subjicerentur.
631 4233 783 4307 Minime
795 4235 965 4330 equidem
980 4235 1208 4310 tolerandum
1222 4234 1314 4308 duxi
1326 4248 1368 4308 ut
1380 4235 1419 4308 in
1431 4233 1549 4308 fronte
1566 4236 1732 4332 opusculi
