3818 5094
738 481 938 548 SMYRNA.
1476 489 1530 549 101

140 654 308 740 grammatic
319 654 515 742 prodentem,
527 652 664 718 sublata:
680 652 841 741 Apollinis
856 651 937 732 dico,
949 675 1022 718 nam
1035 652 1120 740 quod
1132 653 1171 720 de
1183 654 1346 721 Amazone
1361 655 1533 722 conditrice

138 760 290 829 finxerunt
304 787 391 828 mera
405 775 452 827 est
465 761 641 826 hariolatio,

194 869 274 951 Qua
289 867 439 956 descripsi
453 866 595 953 subjicio,
611 891 799 953 sensumque
815 879 969 953 quatenus
983 865 1138 933 extricare
1153 890 1244 953 queo.

193 1001 220 1040 a.
244 975 471 1063 Fragmentum
498 998 540 1039 ex
564 999 718 1040 marmore
738 974 824 1060 quod
838 974 921 1038 inter
943 973 1173 1038 exstruendum
1198 974 1327 1062 opifices
1347 975 1382 1040 in
1405 1000 1529 1042 murum

132 1080 247 1146 castelli
264 1079 296 1146 S.
309 1079 396 1146 Petri
411 1078 608 1145 inferserunt.
652 1079 726 1146 Viae
741 1077 876 1167 publicae
892 1077 1076 1145 obvertitur.
1124 1077 1188 1144 sed
1203 1079 1281 1165 quid
1295 1079 1423 1146 innuit?
1468 1082 1532 1148 Vel

130 1187 289 1253 decretum
312 1198 485 1252 conventus
502 1186 656 1273 Smyrnaei
673 1192 782 1272 (quem
804 1199 957 1252 memorat
979 1185 1112 1262 Plinius,
1128 1206 1158 1249 v.
1170 1190 1222 1250 31.
1238 1190 1283 1269 9.)
1299 1187 1351 1252 vel
1365 1186 1531 1275 legationis

129 1294 265 1371 titulum,
281 1294 334 1359 vel
346 1293 494 1360 beneficii
505 1293 669 1380 cujusdam
685 1293 805 1382 publici
820 1306 1062 1360 monumentum
1081 1293 1339 1360 existimaverim.
1369 1293 1531 1381 Scriptura

129 1415 172 1465 est
186 1401 279 1467 bonae
294 1401 401 1467 artatis.
446 1401 502 1464 Ad
516 1425 564 1466 res
579 1401 706 1467 fortasse
718 1400 867 1468 Callinici
881 1413 1009 1489 spectat,
1025 1399 1077 1466 vel
1091 1399 1282 1487 legationem
1296 1399 1530 1488 Smyrnaeorum

128 1506 297 1572 clementer
316 1508 356 1572 ab
370 1504 481 1571 Attalo
497 1504 693 1595 Pergameno
705 1506 833 1595 (Polyb.
850 1509 940 1572 Hirr.
956 1527 987 1572 V.
1005 1507 1070 1587 77.)
1087 1517 1256 1592 acceptam,
1273 1506 1325 1570 vel
1340 1505 1434 1571 etiam
1457 1531 1529 1572 curn

130 1610 278 1676 Romanis
293 1610 525 1689 commercium,
540 1610 671 1677 florente
685 1611 859 1677 Antiocho.
904 1611 984 1678 Haec
1000 1609 1092 1698 attigi
1107 1634 1208 1698 supra.

188 1718 220 1781 b.
242 1715 422 1780 Exordium
437 1713 532 1790 tituli,
547 1715 581 1778 in
596 1739 691 1800 quem
706 1715 835 1781 nomina
848 1715 976 1780 illorum
990 1715 1088 1781 relata
1102 1729 1190 1782 erant
1202 1716 1257 1802 qui
1272 1715 1441 1803 aliquando
1457 1743 1528 1807 por-

131 1835 178 1886 tus
193 1819 332 1908 bospitio
347 1819 405 1884 usi.
451 1817 523 1883 Hoc
537 1817 655 1884 factum
670 1841 782 1884 censeo
798 1831 834 1882 ut
849 1817 957 1884 debito
972 1815 1083 1882 ordine
1098 1817 1236 1904 portoria
1250 1817 1462 1907 exigerentur.

191 1953 219 1993 c.
242 1925 409 2012 Inscriptio
424 1922 533 1989 votiva
546 1923 580 1987 in
595 1923 647 1989 dei
663 1923 790 1990 Meletis
803 1924 956 1989 honorem
975 1925 1129 1990 columnae
1144 1926 1309 2015 insculpta.
1355 1930 1530 1998 Donarium

130 2049 193 2100 erat
207 2031 462 2100 convalescentis.

192 2141 222 2204 d.
248 2139 375 2204 Titulus
389 2136 570 2225 sepulcralis
585 2138 625 2203 ad
636 2161 778 2204 normam
794 2138 940 2203 usitatam
951 2136 1132 2203 breviorum
1146 2139 1346 2226 compositus.
1370 2142 1529 2229 Descripsi

129 2269 169 2311 ex
179 2244 286 2332 lapide
301 2244 469 2332 ὑπερθύρῳ
484 2243 518 2308 in
533 2245 605 2310 vico
617 2245 722 2331 ijt'ah
738 2245 820 2312 circa
835 2259 982 2331 quartum
996 2244 1179 2310 milliarium
1195 2245 1361 2334 aSmyrnc
1375 2248 1528 2314 orientem

131 2376 234 2418 versus
249 2353 317 2417 sito.

191 2481 218 2522 e.
242 2455 468 2545 Fragmentum
483 2455 597 2544 lapidis
620 2479 663 2522 ex
678 2455 809 2522 delubro
825 2455 961 2542 quodam
985 2456 1081 2521 ablati
1105 2455 1157 2522 cui
1181 2478 1297 2522 nomen
1321 2458 1372 2524 vel
1391 2459 1459 2544 ejus
1474 2459 1530 2545 qui

130 2565 250 2630 vovisse
277 2565 452 2631 censendus
476 2579 532 2642 est,
558 2565 610 2630 vel
637 2563 810 2641 architecti,
830 2562 1061 2638 Artemidorus,
1084 2561 1274 2628 inscribitur.
1318 2562 1410 2628 Jacet
1433 2586 1530 2650 prope

129 2683 257 2755 pontem
282 2667 502 2735 mercatorium
518 2666 852 2753 (Korouda-Kidprrl)
868 2666 980 2733 Meleti
995 2667 1178 2755 impositum
1202 2667 1284 2733 circa
1298 2668 1435 2756 primum
1459 2670 1530 2734 mil·

129 2773 252 2840 liarium
266 2776 307 2839 ab
318 2775 406 2839 urbe.

191 2883 212 2946 f.
235 2881 463 2970 Fragmentum
486 2878 648 2945 marmoris
669 2877 704 2942 in
723 2878 841 2966 pariete
856 2878 971 2944 aedium
991 2878 1184 2957 militarium,
1201 2904 1298 2970 prope
1314 2884 1527 2949 coemeterium

129 2986 343 3065 Hebraeorum,
359 3001 529 3074 repertum,
544 3010 619 3052 cum
636 2985 728 3052 titulo
744 2985 836 3051 valde
852 2999 1004 3052 truncato.

189 3118 220 3181 g.
243 3093 471 3181 Fragmentum
493 3090 580 3156 tituli
602 3091 783 3179 sepulcralis
812 3115 855 3157 err
877 3093 995 3180 pariete
1021 3091 1185 3159 diversorii
1208 3095 1336 3161 Turcici
1358 3098 1525 3180 (Staban-

130 3201 242 3280 Kbcu)
257 3198 292 3263 in
309 3197 445 3286 Smyrna
460 3196 662 3284 descriptum.

192 3309 223 3373 h.
248 3307 375 3373 Titulus
399 3330 442 3372 ex
456 3304 585 3371 tessellis
608 3303 770 3381 conflatus,
785 3303 875 3388 cujus
898 3303 1061 3391 exemplar
1075 3303 1150 3370 dadi
1164 3329 1237 3370 cum
1257 3306 1437 3393 apographo
1451 3329 1526 3370 eon-

126 3417 282 3500 junctum.
317 3414 544 3502 Fragmentum
560 3424 627 3478 erat
640 3410 815 3500 pavimenti
829 3411 863 3474 in
878 3409 1006 3498 regione
1022 3411 1263 3476 Chalka-bulum
1277 3410 1342 3494 (cui
1359 3425 1391 3475 et
1410 3432 1525 3473 nomen

129 3525 254 3588 Balnea
269 3525 394 3587 Diauae
408 3518 618 3586 communiter
631 3517 837 3598 attribuitur),
853 3515 1032 3582 effodiendo
1046 3515 1081 3580 in
1094 3516 1198 3582 lucem
1213 3515 1335 3604 prolati.

191 3630 212 3693 i,
235 3628 481 3693 Monumentum
494 3625 626 3691 funebre
652 3623 715 3692 aevi
738 3622 928 3699 recentioris,
952 3620 986 3686 in
1009 3622 1128 3709 templo
1143 3621 1409 3688 Mohammedano
1429 3620 1523 3702 (anti-

129 3737 232 3822 quitus
247 3734 452 3817 Christiano),
468 3734 508 3800 ad
521 3733 641 3800 radices
656 3732 770 3799 montis
785 3730 920 3804 Coracis,
936 3743 1103 3817 repertum.
