3818 5094
225 482 325 528 mssa.
344 467 431 547 nr]
800 456 1055 522 THYATIRA.

418 639 466 722 τὰ
486 640 597 739 νείκη·
620 639 681 717 καὶ
699 637 722 736 ἡ
744 635 853 740 ζημία
872 631 1076 735 κατεβάλη·
1099 636 1221 718 οὐδενὶ
1241 634 1281 716 δὲ
1302 638 1414 747 ἑτέρτρ

475 775 654 880 ἐφευρετῇ
674 771 810 856 ἄλλοις
830 766 993 871 ὀνόμασι
1013 768 1168 876 ἐξέσται

719 999 862 1057 VARIAE
883 997 1117 1057 LEGTIONES.

220 1119 257 1184 ad
276 1119 374 1184 sitnm
398 1118 548 1195 confecto,
569 1125 876 1195 θΥΟθΕΤΑΤΗΝ,
900 1115 935 1180 id
953 1128 1009 1194 est,
1030 1117 1132 1194 credo,
1154 1116 1300 1202 θυόθεμα,
1323 1121 1381 1196 τὴν
1401 1121 1494 1206 ἑαυτῇ
1511 1150 1537 1186 κ.
1551 1125 1571 1185 l.
1585 1120 1615 1186 ά.

220 1207 406 1291 καταθεμένη
431 1204 561 1294 ἔχθραν,
576 1219 634 1269 etc.
657 1203 709 1268 vel
730 1202 824 1268 etiam
841 1202 1056 1286 θυοθεμάτιου.
1100 1203 1180 1269 Haec
1204 1211 1259 1286 (sc.
1277 1203 1389 1289 θίματα
1408 1204 1460 1268 vel
1475 1205 1614 1289 θεμάτια)

219 1308 397 1358 consecrata
408 1292 442 1355 in
457 1289 581 1378 templis
596 1313 717 1354 ararum
733 1288 835 1354 vicem
847 1290 996 1355 tenebant
1009 1303 1046 1354 ut
1059 1303 1147 1355 notat
1164 1289 1310 1356 Suicerus
1324 1290 1358 1354 in
1382 1292 1538 1355 Thesaer.
1549 1293 1614 1356 Ee·

219 1379 288 1442 cles.
302 1401 324 1442 1.
340 1402 371 1466 p.
382 1382 472 1442 1352.
487 1401 530 1442 ex
545 1375 647 1441 verbis
659 1374 776 1441 Codini
791 1375 824 1438 in
842 1375 923 1462 Οτίρ
949 1425 955 1438 .
970 1378 1235 1462 Constantinopol.
1252 1400 1293 1442 sc.
1309 1375 1455 1457 θεμάτων
1468 1383 1614 1463 τρίπουν,

219 1464 292 1531 ἔνθα
308 1465 451 1536 Educta&
466 1465 595 1539 πολλὰς
608 1462 721 1539 θυσίας
739 1461 894 1549 Σεβῆρος.
933 1463 934 1466 ’
954 1460 1006 1526 inc
1021 1461 1055 1526 in
1066 1461 1198 1549 proclivi
1213 1477 1260 1528 est
1270 1462 1392 1528 efficere
1407 1463 1614 1550 compositum

239 1551 303 1614 uod
320 1551 448 1638 propius
463 1550 502 1614 ad
513 1549 673 1614 literarum
682 1547 795 1612 ductus
810 1547 932 1612 accedit
946 1571 1040 1633 quam
1052 1571 1121 1633 quae
1133 1547 1235 1634 primo
1250 1547 1284 1612 in
1296 1564 1433 1613 mentem
1448 1563 1610 1626 venerunt,

219 1575 443 1704 θυοδάκουυοί
459 1636 624 1714 θυοθάκηυ.
657 1634 742 1699 Dein
753 1633 787 1696 in
802 1637 831 1708 2,
842 1637 916 1700 9.ss.
929 1656 1034 1720 apogr.
1051 1633 1124 1698 exh.
1136 1643 1261 1710 ΤΟΥΩ,
1277 1634 1337 1699 litt.
1352 1633 1416 1699 fere
1431 1635 1612 1734 absumptis.

218 1728 321 1807 -(4.)
345 1724 384 1788 In
398 1722 467 1787 loco
483 1727 535 1785 1¹³⁰
554 1736 587 1787 et
601 1744 638 1786 ss,
655 1743 761 1808 apogr.
776 1718 872 1784 habet
888 1728 1146 1788 ΕΦΕΡΥΤΑΙΑ.
1170 1719 1294 1786 Vocem
1308 1725 1472 1809 ἐφευρετὴυ
1488 1722 1612 1788 dehtes·

481 1933 804 1993 ANNOTATIONES
825 1933 1001 1992 CRITICAE
1021 1934 1074 1992 ET
1094 1934 1347 1994 EXEGETICAE.

218 2051 411 2129 Clementia,
427 2052 650 2118 Misericordia
666 2053 814 2135 (ἐλίους),
830 2065 888 2117 eto.
933 2057 1130 2140 ἐπικαρπίας,
1168 2057 1272 2131 τίλας.
1326 2053 1474 2141 Thucyd.
1509 2076 1530 2119 1.
1558 2056 1608 2121 27.

217 2159 276 2244 Cp.
292 2157 394 2223 Tacit.
407 2159 523 2222 Annnl.
540 2179 583 2222 rr.
601 2164 669 2236 74.;
694 2159 772 2225 Stat.
791 2160 889 2223 Ttet.
933 2162 1090 2248 άργάριου
1139 2160 1412 2248 καταβάλλοντες,
1457 2160 1542 2246 quod
1577 2177 1610 2226 et

216 2285 276 2329 ΧΗ.
293 2267 384 2342 482.;
407 2263 571 2330 Claudian.
589 2284 643 2328 xv.
660 2267 732 2328 404.
745 2287 787 2343 s.;
808 2264 890 2329 Pau·
933 2262 1074 2350 superius
1090 2262 1219 2340 dictum,
1236 2264 1417 2344 καταθέντα,
1433 2264 1472 2329 de
1487 2265 1608 2330 colono.

215 2391 269 2432 ean
295 2388 317 2431 1.
338 2370 385 2436 lt.
406 2373 431 2432 1.
934 2367 1065 2435 Lucian.
1085 2370 1148 2435 Vir.
1165 2370 1260 2433 Αυοτ.
1277 2369 1346 2433 init.
1361 2369 1538 2458 πάργάριου
1557 2401 1609 2439 κο·

256 2479 288 2538 3.
313 2475 495 2563 Κατεβάλη.
533 2473 690 2562 Inprimis,
706 2498 889 2541 cumresa·
933 2475 1139 2564 ταβαλάσθαι.
1167 2478 1445 2541 Dial.Mort.1v.
1472 2482 1497 2541 l.
1519 2484 1608 2546 πέντε

213 2580 341 2647 crificali
371 2580 488 2668 optime
518 2579 667 2645 convenit
696 2579 822 2656 locuti0‚
852 2594 889 2646 ut
932 2577 1079 2667 ὀβολοὺς
1094 2583 1157 2668 ἐγὼ
1173 2580 1363 2667 κατέβαλον.

212 2699 299 2775 patet
324 2709 367 2752 ex
391 2699 466 2751 nota
485 2684 590 2774 phrasi
609 2686 826 2773 καταβάλλειν
850 2692 887 2756 τὸ
975 2683 1148 2750 Confirmat
1161 2708 1225 2749 non
1241 2684 1353 2750 leviter
1372 2708 1495 2750 sensum
1511 2710 1606 2772 quern

213 2797 338 2879 ἱερεῖον,
368 2804 509 2856 mactare
538 2794 700 2856 boetiam:
734 2806 767 2859 et
795 2792 886 2880 gloss,
930 2785 1099 2876 inexegea
1115 2789 1215 2876 posui,
1232 2793 1362 2868 mulctae,
1378 2792 1536 2859 Andocid.
1549 2794 1605 2860 ubl

212 2896 405 2986 Hesychian.
436 2897 614 2986 καταβολή,
640 2899 745 2975 θυσία,
768 2901 887 2980 τελετή.
931 2916 1126 2982 ΒΠΡΜΧΠ·
1144 2902 1190 2960 ll·
1207 2897 1605 2986 ἕπίβῠλᾶςόφλὲίννίὶθΰθ·

212 3003 298 3068 Hinc
322 3000 511 3090 κατάβολοι,
525 3005 706 3078 victimarii,
721 3000 756 3066 in
767 3001 885 3069 Suicer.
930 3005 1000 3065 nica
1015 3007 1128 3067 arario
1144 3005 1265 3069 debere.

219 3109 280 3172 Te.
293 3107 415 3171 Ecclea.
432 3126 468 3169 11.
481 3107 532 3172 47.
973 3107 1026 3172 Ex
1046 3108 1132 3175 hisce
1152 3109 1354 3197 probabiliter
1377 3111 1539 3200 collegeris
1549 3113 1603 3198 jus

252 3211 425 3300 Expendaa
444 3233 520 3276 vero
539 3234 624 3297 seqq.
647 3211 886 3298 Κατάβαλλειν,
929 3213 1100 3301 sepulcrale
1125 3214 1249 3279 Matriae
1271 3216 1423 3282 violatum
1446 3217 1541 3283 fuisse
1563 3221 1602 3284 ab

208 3343 374 3385 numerare
384 3323 552 3404 pecuniam
561 3319 708 3394 debitam,
720 3317 884 3406 άργάριου,
927 3321 1054 3387 Attico:
1075 3321 1151 3388 hinc
1162 3321 1250 3387 litem
1265 3337 1373 3400 ortam,
1390 3321 1602 3408 mulctamqire

209 3428 334 3509 Ζημίαυ,
361 3448 403 3490 ex
433 3423 598 3490 Demosth.
625 3435 722 3488 contr.
747 3426 882 3488 Timocr.
926 3425 1098 3491 secundum
1128 3426 1231 3514 legem
1259 3427 1492 3515 πυμβωρυχίας
1520 3427 1599 3510 (vid.

209 3533 367 3610 rimae
384 3533 457 3608 727,
471 3534 502 3594 5.
548 3528 643 3605 Dein,
658 3529 814 3616 deponere
829 3545 883 3596 aut
926 3550 979 3593 xv.
996 3533 1041 3611 9.)
1057 3528 1087 3595 ei
1103 3529 1157 3616 qui
1173 3529 1228 3595 lite
1243 3529 1399 3596 ceciderat
1413 3530 1507 3595 fuisse
1521 3530 1599 3596 irro-

207 3637 393 3726 deponenda
410 3660 518 3702 curare
532 3636 567 3700 in
587 3636 740 3702 tabulario
754 3637 882 3724 publico
925 3649 1039 3724 getam.

207 3769 261 3811 sen
272 3744 451 3810 testimonia
465 3767 520 3810 seu
530 3742 615 3831 leges
630 3767 685 3808 seu
697 3742 775 3808 alius
786 3769 880 3831 gene·
968 3743 1047 3822 Qua
1063 3743 1130 3808 haec
1145 3742 1311 3830 excipiunt
1325 3743 1437 3831 opinor
1451 3743 1599 3830 adjuncta

207 3852 248 3918 ris
266 3863 471 3917 monumenta
484 3847 583 3914 literis
602 3846 804 3935 consignata3
827 3871 879 3913 ex.
924 3847 1027 3934 adjus
1042 3848 1176 3936 amplius
1191 3849 1437 3915 obfirmandum:
1459 3874 1516 3915 aec
1530 3859 1596 3917 cai-

206 3983 232 4024 c.
244 3961 430 4045 propropter,
443 3954 520 4020 ibid.
532 3955 792 4018 adaPltormr'orr.
805 3959 878 4022 921.
922 3959 969 4020 via
993 3959 1052 4020 alii
1074 3961 1231 4042 repertori
1246 3959 1366 4020 licitum
1391 3961 1452 4021 erit
1468 3962 1596 4044 quibua-

207 4069 236 4126 4.
248 4062 331 4129 Cum
344 4061 446 4150 priore
461 4059 878 4138 consentiunt3Andccides,
921 4065 968 4125 ais
983 4065 1155 4128 nominibus
1176 4064 1328 4147 sepelire:
1352 4061 1433 4128 conf.
1449 4083 1503 4128 xv.
1519 4071 1549 4129 4.
1564 4069 1596 4132 5.

207 4168 244 4228 de
260 4167 399 4251 Myster.
416 4183 489 4227 XLV.
515 4168 540 4227 l.
556 4166 586 4227 2.
607 4164 637 4226 6.
657 4186 698 4228 sc.
713 4163 878 4250 pecuniam
921 4165 1109 4253 Ἐφευρετὴς
1123 4165 1176 4230 hie
1191 4179 1319 4230 vocatur
1333 4171 1353 4234 ὁ
1366 4167 1595 4256 τυμβωρύχος.

208 4283 330 4356 epacta
350 4292 493 4357 sponsam
516 4291 688 4347 numerare,
704 4267 763 4333 viz.
780 4270 877 4348 ὠνὴν,
923 4270 1082 4337 Convenit
1096 4271 1245 4339 Latinum
1260 4285 1411 4360 repertor,
1426 4288 1464 4340 ut
1477 4275 1510 4340 in
1527 4274 1595 4340 Sal·

888 4397 904 4444 1
