<?xml version="1.0" encoding="UTF-8"?>
<!DOCTYPE html PUBLIC "-//W3C//DTD XHTML 1.0 Transitional//EN"
    "http://www.w3.org/TR/xhtml1/DTD/xhtml1-transitional.dtd">
<html xmlns="http://www.w3.org/1999/xhtml" xml:lang="en" lang="en">
 <head>
  <title>
</title>
<meta http-equiv="Content-Type" content="text/html;charset=utf-8" />
  <meta name='ocr-system' content='tesseract 3.04.00' />
  <meta name='ocr-capabilities' content='ocr_page ocr_carea ocr_par ocr_line ocrx_word'/>
</head>
<body>
  <div class='ocr_page' id='page_1' title='image "./fasciculusinscr00kenngoog_0170.png"; bbox 0 0 3788 5092; ppageno 0'>
   <div class='ocr_carea' id='block_1_1' title="bbox 753 481 1534 548">
    <p class='ocr_par' dir='ltr' id='par_1_1' title="bbox 753 481 1534 548">
     <span class='ocr_line' id='line_1_1' title="bbox 753 481 1534 548; baseline -0.004 -1"><span class='ocrx_word' id='word_1_1' title='bbox 753 481 936 548; x_wconf 87' lang='lat' dir='ltr'><strong>SARDES.</strong></span> <span class='ocrx_word' id='word_1_2' title='bbox 1477 483 1534 546; x_wconf 86' lang='grc'><strong>163</strong></span> 
     </span>
    </p>
   </div>
   <div class='ocr_carea' id='block_1_2' title="bbox 125 639 1535 847">
    <p class='ocr_par' dir='ltr' id='par_1_2' title="bbox 125 639 1535 847">
     <span class='ocr_line' id='line_1_2' title="bbox 140 639 1535 742; baseline 0.005 -31"><span class='ocrx_word' id='word_1_3' title='bbox 140 639 249 712; x_wconf 70' lang='lat' dir='ltr'><strong>Sedjn</strong></span> <span class='ocrx_word' id='word_1_4' title='bbox 262 656 352 718; x_wconf 82' lang='lat' dir='ltr'><strong>titulo</strong></span> <span class='ocrx_word' id='word_1_5' title='bbox 369 676 489 730; x_wconf 91' lang='lat' dir='ltr'><strong>moror;</strong></span> <span class='ocrx_word' id='word_1_6' title='bbox 503 653 589 718; x_wconf 92' lang='lat' dir='ltr'><strong>hune</strong></span> <span class='ocrx_word' id='word_1_7' title='bbox 600 653 700 718; x_wconf 92' lang='lat' dir='ltr'><strong>laudis</strong></span> <span class='ocrx_word' id='word_1_8' title='bbox 715 654 901 741; x_wconf 88' lang='lat' dir='ltr'><strong>appetentia,</strong></span> <span class='ocrx_word' id='word_1_9' title='bbox 917 653 1037 718; x_wconf 86' lang='lat' dir='ltr'>indoles</span> <span class='ocrx_word' id='word_1_10' title='bbox 1047 653 1167 730; x_wconf 85' lang='lat' dir='ltr'><strong>fastosa,</strong></span> <span class='ocrx_word' id='word_1_11' title='bbox 1184 653 1345 742; x_wconf 82' lang='lat' dir='ltr'><strong>dignitatis</strong></span> <span class='ocrx_word' id='word_1_12' title='bbox 1359 653 1440 718; x_wconf 91' lang='lat' dir='ltr'><strong>inter</strong></span> <span class='ocrx_word' id='word_1_13' title='bbox 1454 665 1535 718; x_wconf 87' lang='lat' dir='ltr'><strong>eete-</strong></span> 
     </span>
     <span class='ocr_line' id='line_1_3' title="bbox 125 747 1534 847; baseline 0.004 -28"><span class='ocrx_word' id='word_1_14' title='bbox 125 747 204 814; x_wconf 57' lang='lat' dir='ltr'><strong>‘Rt</strong></span> <span class='ocrx_word' id='word_1_15' title='bbox 215 755 365 824; x_wconf 86' lang='lat' dir='ltr'><strong>affectatio</strong></span> <span class='ocrx_word' id='word_1_16' title='bbox 379 756 592 844; x_wconf 83' lang='lat' dir='ltr'><strong>praecellentis,</strong></span> <span class='ocrx_word' id='word_1_17' title='bbox 607 757 642 821; x_wconf 92' lang='lat' dir='ltr'><strong>in</strong></span> <span class='ocrx_word' id='word_1_18' title='bbox 655 758 791 823; x_wconf 92' lang='lat' dir='ltr'><strong>nummis</strong></span> <span class='ocrx_word' id='word_1_19' title='bbox 806 782 914 824; x_wconf 90' lang='lat' dir='ltr'><strong>eorum</strong></span> <span class='ocrx_word' id='word_1_20' title='bbox 934 772 966 824; x_wconf 91' lang='lat' dir='ltr'><strong>et</strong></span> <span class='ocrx_word' id='word_1_21' title='bbox 980 758 1189 824; x_wconf 84' lang='lat' dir='ltr'>monumentis</span> <span class='ocrx_word' id='word_1_22' title='bbox 1203 759 1387 847; x_wconf 86' lang='lat' dir='ltr'><strong>inscriptum</strong></span> <span class='ocrx_word' id='word_1_23' title='bbox 1403 775 1534 826; x_wconf 88' lang='lat' dir='ltr'><strong>ostenta-</strong></span> 
     </span>
    </p>
   </div>
   <div class='ocr_carea' id='block_1_3' title="bbox 113 838 1536 3075">
    <p class='ocr_par' dir='ltr' id='par_1_3' title="bbox 127 838 235 927">
     <span class='ocr_line' id='line_1_4' title="bbox 127 838 235 927; baseline 0.019 -2"><span class='ocrx_word' id='word_1_24' title='bbox 127 838 235 927; x_wconf 75' lang='lat' dir='ltr'><strong>bant.</strong></span> 
     </span>
    </p>

    <p class='ocr_par' dir='ltr' id='par_1_4' title="bbox 113 968 1534 1372">
     <span class='ocr_line' id='line_1_5' title="bbox 212 968 1534 1062; baseline 0.004 -27"><span class='ocrx_word' id='word_1_25' title='bbox 212 968 275 1049; x_wconf 85' lang='lat' dir='ltr'><strong>Qui</strong></span> <span class='ocrx_word' id='word_1_26' title='bbox 290 968 442 1057; x_wconf 90' lang='lat' dir='ltr'><strong>ampliora</strong></span> <span class='ocrx_word' id='word_1_27' title='bbox 455 968 494 1035; x_wconf 89' lang='lat' dir='ltr'><strong>de</strong></span> <span class='ocrx_word' id='word_1_28' title='bbox 509 969 568 1035; x_wconf 89' lang='lat' dir='ltr'><strong>hac</strong></span> <span class='ocrx_word' id='word_1_29' title='bbox 584 969 753 1055; x_wconf 79' lang='lat' dir='ltr'><strong>quastione</strong></span> <span class='ocrx_word' id='word_1_30' title='bbox 764 970 926 1047; x_wconf 79' lang='lat' dir='ltr'><strong>desiderat,</strong></span> <span class='ocrx_word' id='word_1_31' title='bbox 942 972 1101 1038; x_wconf 89' lang='lat' dir='ltr'><strong>consulere</strong></span> <span class='ocrx_word' id='word_1_32' title='bbox 1116 984 1218 1059; x_wconf 91' lang='lat' dir='ltr'><strong>potest</strong></span> <span class='ocrx_word' id='word_1_33' title='bbox 1231 995 1304 1038; x_wconf 90' lang='lat' dir='ltr'><strong>oum</strong></span> <span class='ocrx_word' id='word_1_34' title='bbox 1317 971 1422 1038; x_wconf 88' lang='lat' dir='ltr'><strong>fructu</strong></span> <span class='ocrx_word' id='word_1_35' title='bbox 1435 973 1534 1062; x_wconf 90' lang='lat' dir='ltr'><strong>Span-</strong></span> 
     </span>
     <span class='ocr_line' id='line_1_6' title="bbox 113 1058 1534 1165; baseline 0.004 -29"><span class='ocrx_word' id='word_1_36' title='bbox 113 1058 243 1138; x_wconf 77' lang='lat' dir='ltr'><strong>hemii</strong></span> <span class='ocrx_word' id='word_1_37' title='bbox 257 1088 290 1140; x_wconf 90' lang='lat' dir='ltr'><strong>et</strong></span> <span class='ocrx_word' id='word_1_38' title='bbox 305 1073 452 1140; x_wconf 85' lang='lat' dir='ltr'><strong>Eekhelii</strong></span> <span class='ocrx_word' id='word_1_39' title='bbox 468 1074 755 1162; x_wconf 86' lang='lat' dir='ltr'><strong>disputationes(a).</strong></span> <span class='ocrx_word' id='word_1_40' title='bbox 798 1074 952 1141; x_wconf 86' lang='lat' dir='ltr'><strong>Alienum</strong></span> <span class='ocrx_word' id='word_1_41' title='bbox 966 1074 1046 1142; x_wconf 86' lang='lat' dir='ltr'><strong>foret</strong></span> <span class='ocrx_word' id='word_1_42' title='bbox 1067 1100 1086 1141; x_wconf 91' lang='lat' dir='ltr'><strong>a</strong></span> <span class='ocrx_word' id='word_1_43' title='bbox 1104 1090 1209 1141; x_wconf 91' lang='lat' dir='ltr'><strong>nostro</strong></span> <span class='ocrx_word' id='word_1_44' title='bbox 1224 1076 1382 1165; x_wconf 84' lang='lat' dir='ltr'><strong>proposito</strong></span> <span class='ocrx_word' id='word_1_45' title='bbox 1403 1077 1534 1143; x_wconf 89' lang='lat' dir='ltr'><strong>ulterius</strong></span> 
     </span>
     <span class='ocr_line' id='line_1_7' title="bbox 117 1178 1532 1271; baseline 0.004 -27"><span class='ocrx_word' id='word_1_46' title='bbox 117 1193 210 1244; x_wconf 71' lang='lat' dir='ltr'><strong>rem</strong></span> <span class='ocrx_word' id='word_1_47' title='bbox 225 1179 389 1266; x_wconf 88' lang='lat' dir='ltr'><strong>prosequi;</strong></span> <span class='ocrx_word' id='word_1_48' title='bbox 411 1178 567 1244; x_wconf 90' lang='lat' dir='ltr'><strong>monitum</strong></span> <span class='ocrx_word' id='word_1_49' title='bbox 581 1191 703 1244; x_wconf 88' lang='lat' dir='ltr'><strong>tantum</strong></span> <span class='ocrx_word' id='word_1_50' title='bbox 718 1179 814 1245; x_wconf 90' lang='lat' dir='ltr'><strong>velim</strong></span> <span class='ocrx_word' id='word_1_51' title='bbox 829 1180 976 1246; x_wconf 90' lang='lat' dir='ltr'><strong>lectorem</strong></span> <span class='ocrx_word' id='word_1_52' title='bbox 991 1183 1030 1248; x_wconf 90' lang='lat' dir='ltr'><strong>de</strong></span> <span class='ocrx_word' id='word_1_53' title='bbox 1050 1183 1229 1268; x_wconf 88' lang='lat' dir='ltr'><strong>conjectura</strong></span> <span class='ocrx_word' id='word_1_54' title='bbox 1243 1182 1353 1270; x_wconf 90' lang='lat' dir='ltr'><strong>prioris</strong></span> <span class='ocrx_word' id='word_1_55' title='bbox 1367 1185 1532 1271; x_wconf 87' lang='lat' dir='ltr'><strong>exquisita,</strong></span> 
     </span>
     <span class='ocr_line' id='line_1_8' title="bbox 115 1283 1532 1372; baseline 0.005 -25"><span class='ocrx_word' id='word_1_56' title='bbox 115 1301 266 1371; x_wconf 67' lang='lat' dir='ltr'><strong>nempe,</strong></span> <span class='ocrx_word' id='word_1_57' title='bbox 274 1285 329 1370; x_wconf 88' lang='lat' dir='ltr'><strong>jus</strong></span> <span class='ocrx_word' id='word_1_58' title='bbox 343 1283 496 1349; x_wconf 87' lang='lat' dir='ltr'><strong>eximium</strong></span> <span class='ocrx_word' id='word_1_59' title='bbox 508 1283 677 1350; x_wconf 86' lang='lat' dir='ltr'><strong>obtinuisse</strong></span> <span class='ocrx_word' id='word_1_60' title='bbox 688 1283 815 1372; x_wconf 82' lang='lat' dir='ltr'><strong>Septem</strong></span> <span class='ocrx_word' id='word_1_61' title='bbox 825 1284 980 1352; x_wconf 81' lang='lat' dir='ltr'><strong>Ecclesiae</strong></span> <span class='ocrx_word' id='word_1_62' title='bbox 991 1287 1132 1364; x_wconf 75' lang='lat' dir='ltr'><strong>Amanus,</strong></span> <span class='ocrx_word' id='word_1_63' title='bbox 1145 1313 1187 1354; x_wconf 86' lang='lat' dir='ltr'><strong>ex</strong></span> <span class='ocrx_word' id='word_1_64' title='bbox 1202 1303 1284 1354; x_wconf 88' lang='lat' dir='ltr'><strong>statu</strong></span> <span class='ocrx_word' id='word_1_65' title='bbox 1298 1313 1405 1356; x_wconf 90' lang='lat' dir='ltr'><strong>eorum</strong></span> <span class='ocrx_word' id='word_1_66' title='bbox 1414 1290 1532 1355; x_wconf 90' lang='lat' dir='ltr'><strong>Metro-</strong></span> 
     </span>
    </p>

    <p class='ocr_par' dir='ltr' id='par_1_5' title="bbox 127 1389 1536 2864">
     <span class='ocr_line' id='line_1_9' title="bbox 127 1389 1533 1483; baseline 0.004 -28"><span class='ocrx_word' id='word_1_67' title='bbox 127 1390 294 1477; x_wconf 65' lang='lat' dir='ltr'><strong>poliano,</strong></span> <span class='ocrx_word' id='word_1_68' title='bbox 314 1390 525 1478; x_wconf 81' lang='lat' dir='ltr'><strong>praerogativae</strong></span> <span class='ocrx_word' id='word_1_69' title='bbox 544 1389 705 1456; x_wconf 84' lang='lat' dir='ltr'><strong>literarum</strong></span> <span class='ocrx_word' id='word_1_70' title='bbox 726 1391 766 1456; x_wconf 90' lang='lat' dir='ltr'><strong>ad</strong></span> <span class='ocrx_word' id='word_1_71' title='bbox 784 1415 835 1458; x_wconf 88' lang='lat' dir='ltr'><strong>eas</strong></span> <span class='ocrx_word' id='word_1_72' title='bbox 857 1417 874 1456; x_wconf 90' lang='lat' dir='ltr'><strong>a</strong></span> <span class='ocrx_word' id='word_1_73' title='bbox 891 1391 1006 1458; x_wconf 87' lang='lat' dir='ltr'><strong>Sancto</strong></span> <span class='ocrx_word' id='word_1_74' title='bbox 1019 1394 1174 1481; x_wconf 92' lang='lat' dir='ltr'><strong>Apostolo</strong></span> <span class='ocrx_word' id='word_1_75' title='bbox 1197 1395 1438 1483; x_wconf 86' lang='lat' dir='ltr'><strong>scriptarum(b).</strong></span> <span class='ocrx_word' id='word_1_76' title='bbox 1483 1395 1533 1461; x_wconf 91' lang='lat' dir='ltr'><strong>De</strong></span> 
     </span>
     <span class='ocr_line' id='line_1_10' title="bbox 134 1495 1534 1586; baseline 0.004 -26"><span class='ocrx_word' id='word_1_77' title='bbox 134 1495 310 1583; x_wconf 74' lang='lat' dir='ltr'><strong>Pergamo,</strong></span> <span class='ocrx_word' id='word_1_78' title='bbox 328 1495 470 1584; x_wconf 83' lang='lat' dir='ltr'><strong>Smyrna,</strong></span> <span class='ocrx_word' id='word_1_79' title='bbox 487 1495 623 1584; x_wconf 86' lang='lat' dir='ltr'><strong>Epheso,</strong></span> <span class='ocrx_word' id='word_1_80' title='bbox 645 1496 804 1575; x_wconf 82' lang='lat' dir='ltr'><strong>Sardibus,</strong></span> <span class='ocrx_word' id='word_1_81' title='bbox 831 1521 1094 1586; x_wconf 89' lang='lat' dir='ltr'><strong>supervacaneum</strong></span> <span class='ocrx_word' id='word_1_82' title='bbox 1119 1500 1199 1566; x_wconf 87' lang='lat' dir='ltr'><strong>foret</strong></span> <span class='ocrx_word' id='word_1_83' title='bbox 1222 1502 1379 1579; x_wconf 86' lang='lat' dir='ltr'><strong>disserere,</strong></span> <span class='ocrx_word' id='word_1_84' title='bbox 1406 1503 1534 1569; x_wconf 87' lang='lat' dir='ltr'><strong>urbibus</strong></span> 
     </span>
     <span class='ocr_line' id='line_1_11' title="bbox 143 1601 1533 1691; baseline 0.006 -25"><span class='ocrx_word' id='word_1_85' title='bbox 143 1602 264 1690; x_wconf 87' lang='lat' dir='ltr'><strong>quippe</strong></span> <span class='ocrx_word' id='word_1_86' title='bbox 279 1601 364 1690; x_wconf 91' lang='lat' dir='ltr'><strong>apud</strong></span> <span class='ocrx_word' id='word_1_87' title='bbox 375 1626 451 1687; x_wconf 85' lang='lat' dir='ltr'><strong>quas</strong></span> <span class='ocrx_word' id='word_1_88' title='bbox 465 1606 684 1686; x_wconf 84' lang='lat' dir='ltr'><strong>conventus(c)</strong></span> <span class='ocrx_word' id='word_1_89' title='bbox 696 1605 877 1691; x_wconf 74' lang='lat' dir='ltr'><strong>agebantur,</strong></span> <span class='ocrx_word' id='word_1_90' title='bbox 892 1604 944 1670; x_wconf 89' lang='lat' dir='ltr'><strong>vel</strong></span> <span class='ocrx_word' id='word_1_91' title='bbox 954 1605 1094 1691; x_wconf 88' lang='lat' dir='ltr'><strong>juridici,</strong></span> <span class='ocrx_word' id='word_1_92' title='bbox 1110 1606 1162 1672; x_wconf 89' lang='lat' dir='ltr'><strong>vel</strong></span> <span class='ocrx_word' id='word_1_93' title='bbox 1173 1607 1213 1672; x_wconf 91' lang='lat' dir='ltr'><strong>ad</strong></span> <span class='ocrx_word' id='word_1_94' title='bbox 1225 1605 1315 1672; x_wconf 91' lang='lat' dir='ltr'><strong>ludos</strong></span> <span class='ocrx_word' id='word_1_95' title='bbox 1329 1608 1533 1674; x_wconf 86' lang='lat' dir='ltr'><strong>caerimonias·</strong></span> 
     </span>
     <span class='ocr_line' id='line_1_12' title="bbox 148 1705 1534 1798; baseline 0.004 -27"><span class='ocrx_word' id='word_1_96' title='bbox 148 1731 207 1790; x_wconf 87' lang='lat' dir='ltr'><strong>que</strong></span> <span class='ocrx_word' id='word_1_97' title='bbox 225 1719 409 1794; x_wconf 81' lang='lat' dir='ltr'><strong>spectantes.</strong></span> <span class='ocrx_word' id='word_1_98' title='bbox 454 1705 574 1794; x_wconf 86' lang='lat' dir='ltr'><strong>Ephesi</strong></span> <span class='ocrx_word' id='word_1_99' title='bbox 587 1706 622 1771; x_wconf 93' lang='lat' dir='ltr'><strong>in</strong></span> <span class='ocrx_word' id='word_1_100' title='bbox 636 1706 745 1794; x_wconf 90' lang='lat' dir='ltr'><strong>primis</strong></span> <span class='ocrx_word' id='word_1_101' title='bbox 760 1707 897 1797; x_wconf 85' lang='lat' dir='ltr'><strong>dignitas</strong></span> <span class='ocrx_word' id='word_1_102' title='bbox 912 1709 1080 1775; x_wconf 86' lang='lat' dir='ltr'><strong>constituta</strong></span> <span class='ocrx_word' id='word_1_103' title='bbox 1093 1709 1154 1775; x_wconf 85' lang='lat' dir='ltr'><strong>fuit</strong></span> <span class='ocrx_word' id='word_1_104' title='bbox 1173 1711 1257 1798; x_wconf 91' lang='lat' dir='ltr'><strong>apud</strong></span> <span class='ocrx_word' id='word_1_105' title='bbox 1271 1711 1354 1798; x_wconf 90' lang='lat' dir='ltr'><strong>ipsos</strong></span> <span class='ocrx_word' id='word_1_106' title='bbox 1369 1712 1534 1789; x_wconf 83' lang='lat' dir='ltr'><strong>Romanoa,</strong></span> 
     </span>
     <span class='ocr_line' id='line_1_13' title="bbox 149 1811 1536 1903; baseline 0.006 -27"><span class='ocrx_word' id='word_1_107' title='bbox 149 1835 201 1898; x_wconf 91' lang='lat' dir='ltr'><strong>per</strong></span> <span class='ocrx_word' id='word_1_108' title='bbox 215 1836 311 1898; x_wconf 89' lang='lat' dir='ltr'><strong>quam</strong></span> <span class='ocrx_word' id='word_1_109' title='bbox 325 1811 421 1878; x_wconf 90' lang='lat' dir='ltr'><strong>solam</strong></span> <span class='ocrx_word' id='word_1_110' title='bbox 436 1811 607 1878; x_wconf 90' lang='lat' dir='ltr'><strong>seeundum</strong></span> <span class='ocrx_word' id='word_1_111' title='bbox 622 1813 805 1901; x_wconf 89' lang='lat' dir='ltr'><strong>rescriptum</strong></span> <span class='ocrx_word' id='word_1_112' title='bbox 819 1813 959 1903; x_wconf 86' lang='lat' dir='ltr'><strong>Augusti</strong></span> <span class='ocrx_word' id='word_1_113' title='bbox 971 1815 1011 1880; x_wconf 91' lang='lat' dir='ltr'><strong>ad</strong></span> <span class='ocrx_word' id='word_1_114' title='bbox 1020 1816 1214 1903; x_wconf 87' lang='lat' dir='ltr'><strong>provinciam</strong></span> <span class='ocrx_word' id='word_1_115' title='bbox 1225 1817 1376 1882; x_wconf 88' lang='lat' dir='ltr'><strong>Asianam</strong></span> <span class='ocrx_word' id='word_1_116' title='bbox 1391 1819 1536 1884; x_wconf 86' lang='lat' dir='ltr'><strong>introitus</strong></span> 
     </span>
     <span class='ocr_line' id='line_1_14' title="bbox 149 1920 1534 2008; baseline 0.003 -23"><span class='ocrx_word' id='word_1_117' title='bbox 149 1920 324 2004; x_wconf 84' lang='lat' dir='ltr'><strong>proconsuli</strong></span> <span class='ocrx_word' id='word_1_118' title='bbox 349 1920 548 2003; x_wconf 86' lang='lat' dir='ltr'><strong>dabatur(d):</strong></span> <span class='ocrx_word' id='word_1_119' title='bbox 570 1922 625 1988; x_wconf 87' lang='lat' dir='ltr'><strong>sed</strong></span> <span class='ocrx_word' id='word_1_120' title='bbox 648 1922 726 2008; x_wconf 88' lang='lat' dir='ltr'><strong>quid</strong></span> <span class='ocrx_word' id='word_1_121' title='bbox 744 1922 914 1990; x_wconf 72' lang='lat' dir='ltr'><strong>ffieendum</strong></span> <span class='ocrx_word' id='word_1_122' title='bbox 935 1939 982 1990; x_wconf 90' lang='lat' dir='ltr'><strong>est</strong></span> <span class='ocrx_word' id='word_1_123' title='bbox 1001 1925 1040 1990; x_wconf 90' lang='lat' dir='ltr'><strong>de</strong></span> <span class='ocrx_word' id='word_1_124' title='bbox 1065 1926 1245 1992; x_wconf 88' lang='lat' dir='ltr'><strong>civitatibus</strong></span> <span class='ocrx_word' id='word_1_125' title='bbox 1267 1939 1349 1991; x_wconf 85' lang='lat' dir='ltr'><strong>notae</strong></span> <span class='ocrx_word' id='word_1_126' title='bbox 1372 1925 1534 2002; x_wconf 85' lang='lat' dir='ltr'><strong>inferioris,</strong></span> 
     </span>
     <span class='ocr_line' id='line_1_15' title="bbox 150 2027 1535 2117; baseline 0.001 -26"><span class='ocrx_word' id='word_1_127' title='bbox 150 2027 375 2117; x_wconf 87' lang='lat' dir='ltr'><strong>Philadelphia,</strong></span> <span class='ocrx_word' id='word_1_128' title='bbox 391 2028 553 2116; x_wconf 85' lang='lat' dir='ltr'><strong>Thyatira,</strong></span> <span class='ocrx_word' id='word_1_129' title='bbox 566 2029 756 2096; x_wconf 82' lang='lat' dir='ltr'><strong>Laodiceia?</strong></span> <span class='ocrx_word' id='word_1_130' title='bbox 800 2030 893 2096; x_wconf 83' lang='lat' dir='ltr'><strong>Certe</strong></span> <span class='ocrx_word' id='word_1_131' title='bbox 907 2054 971 2095; x_wconf 89' lang='lat' dir='ltr'><strong>non</strong></span> <span class='ocrx_word' id='word_1_132' title='bbox 986 2030 1079 2096; x_wconf 83' lang='lat' dir='ltr'><strong>video</strong></span> <span class='ocrx_word' id='word_1_133' title='bbox 1093 2054 1136 2096; x_wconf 88' lang='lat' dir='ltr'><strong>ex</strong></span> <span class='ocrx_word' id='word_1_134' title='bbox 1150 2054 1349 2096; x_wconf 90' lang='lat' dir='ltr'><strong>nummorum</strong></span> <span class='ocrx_word' id='word_1_135' title='bbox 1363 2029 1426 2095; x_wconf 90' lang='lat' dir='ltr'><strong>fide</strong></span> <span class='ocrx_word' id='word_1_136' title='bbox 1441 2029 1535 2093; x_wconf 89' lang='lat' dir='ltr'><strong>stabi·</strong></span> 
     </span>
     <span class='ocr_line' id='line_1_16' title="bbox 150 2131 1535 2222; baseline -0.002 -23"><span class='ocrx_word' id='word_1_137' title='bbox 150 2133 237 2200; x_wconf 90' lang='lat' dir='ltr'><strong>litum</strong></span> <span class='ocrx_word' id='word_1_138' title='bbox 252 2159 361 2202; x_wconf 89' lang='lat' dir='ltr'><strong>eorum</strong></span> <span class='ocrx_word' id='word_1_139' title='bbox 375 2148 489 2200; x_wconf 89' lang='lat' dir='ltr'><strong>statum</strong></span> <span class='ocrx_word' id='word_1_140' title='bbox 504 2134 795 2222; x_wconf 68' lang='lat' dir='ltr'><strong>metropolitanum</strong></span> <span class='ocrx_word' id='word_1_141' title='bbox 817 2134 877 2200; x_wconf 90' lang='lat' dir='ltr'><strong>nisi</strong></span> <span class='ocrx_word' id='word_1_142' title='bbox 893 2134 962 2220; x_wconf 90' lang='lat' dir='ltr'><strong>quis</strong></span> <span class='ocrx_word' id='word_1_143' title='bbox 975 2158 1140 2199; x_wconf 91' lang='lat' dir='ltr'><strong>nummum</strong></span> <span class='ocrx_word' id='word_1_144' title='bbox 1151 2133 1310 2200; x_wconf 88' lang='lat' dir='ltr'><strong>Harduini</strong></span> <span class='ocrx_word' id='word_1_145' title='bbox 1325 2134 1364 2199; x_wconf 90' lang='lat' dir='ltr'><strong>ab</strong></span> <span class='ocrx_word' id='word_1_146' title='bbox 1379 2131 1535 2198; x_wconf 86' lang='lat' dir='ltr'><strong>Eokhelio</strong></span> 
     </span>
     <span class='ocr_line' id='line_1_17' title="bbox 151 2238 1534 2330; baseline -0.001 -26"><span class='ocrx_word' id='word_1_147' title='bbox 151 2257 324 2330; x_wconf 87' lang='lat' dir='ltr'><strong>suspectum</strong></span> <span class='ocrx_word' id='word_1_148' title='bbox 343 2240 491 2329; x_wconf 83' lang='lat' dir='ltr'><strong>excipiat,</strong></span> <span class='ocrx_word' id='word_1_149' title='bbox 506 2240 618 2327; x_wconf 90' lang='lat' dir='ltr'><strong>inquo</strong></span> <span class='ocrx_word' id='word_1_150' title='bbox 640 2253 673 2306; x_wconf 91' lang='lat' dir='ltr'><strong>et</strong></span> <span class='ocrx_word' id='word_1_151' title='bbox 686 2241 843 2307; x_wconf 90' lang='lat' dir='ltr'><strong>Primatus</strong></span> <span class='ocrx_word' id='word_1_152' title='bbox 865 2255 897 2307; x_wconf 91' lang='lat' dir='ltr'><strong>et</strong></span> <span class='ocrx_word' id='word_1_153' title='bbox 918 2241 1035 2329; x_wconf 85' lang='lat' dir='ltr'><strong>triplex</strong></span> <span class='ocrx_word' id='word_1_154' title='bbox 1050 2241 1203 2307; x_wconf 88' lang='lat' dir='ltr'><strong>Neoeoria</strong></span> <span class='ocrx_word' id='word_1_155' title='bbox 1217 2239 1461 2306; x_wconf 88' lang='lat' dir='ltr'><strong>Laodicensibus</strong></span> <span class='ocrx_word' id='word_1_156' title='bbox 1480 2238 1534 2302; x_wconf 90' lang='lat' dir='ltr'><strong>tri·</strong></span> 
     </span>
     <span class='ocr_line' id='line_1_18' title="bbox 152 2344 1534 2434; baseline -0.001 -22"><span class='ocrx_word' id='word_1_157' title='bbox 152 2347 342 2431; x_wconf 81' lang='lat' dir='ltr'><strong>buuntur(e).</strong></span> <span class='ocrx_word' id='word_1_158' title='bbox 365 2346 460 2428; x_wconf 81' lang='lat' dir='ltr'><strong>Quod</strong></span> <span class='ocrx_word' id='word_1_159' title='bbox 468 2359 535 2411; x_wconf 91' lang='lat' dir='ltr'><strong>erat</strong></span> <span class='ocrx_word' id='word_1_160' title='bbox 543 2345 692 2434; x_wconf 71' lang='lat' dir='ltr'><strong>Phrygiae</strong></span> <span class='ocrx_word' id='word_1_161' title='bbox 701 2345 876 2412; x_wconf 71' lang='lat' dir='ltr'><strong>Pacatiana</strong></span> <span class='ocrx_word' id='word_1_162' title='bbox 890 2344 1069 2433; x_wconf 86' lang='lat' dir='ltr'><strong>metropolis</strong></span> <span class='ocrx_word' id='word_1_163' title='bbox 1083 2345 1175 2410; x_wconf 91' lang='lat' dir='ltr'><strong>video</strong></span> <span class='ocrx_word' id='word_1_164' title='bbox 1191 2345 1306 2412; x_wconf 86' lang='lat' dir='ltr'><strong>alicubi</strong></span> <span class='ocrx_word' id='word_1_165' title='bbox 1320 2349 1534 2430; x_wconf 52' lang='lat' dir='ltr'><strong>notatumlf),</strong></span> 
     </span>
     <span class='ocr_line' id='line_1_19' title="bbox 154 2451 1534 2540; baseline -0.002 -23"><span class='ocrx_word' id='word_1_166' title='bbox 154 2455 236 2540; x_wconf 89' lang='lat' dir='ltr'><strong>cujus</strong></span> <span class='ocrx_word' id='word_1_167' title='bbox 250 2453 377 2519; x_wconf 89' lang='lat' dir='ltr'><strong>honoris</strong></span> <span class='ocrx_word' id='word_1_168' title='bbox 394 2467 427 2520; x_wconf 89' lang='lat' dir='ltr'><strong>et</strong></span> <span class='ocrx_word' id='word_1_169' title='bbox 442 2451 624 2540; x_wconf 89' lang='lat' dir='ltr'><strong>Synnadam</strong></span> <span class='ocrx_word' id='word_1_170' title='bbox 647 2467 821 2519; x_wconf 83' lang='lat' dir='ltr'><strong>consortem</strong></span> <span class='ocrx_word' id='word_1_171' title='bbox 835 2452 928 2518; x_wconf 88' lang='lat' dir='ltr'><strong>fuisse</strong></span> <span class='ocrx_word' id='word_1_172' title='bbox 952 2451 1132 2538; x_wconf 76' lang='lat' dir='ltr'><strong>quidam(p)</strong></span> <span class='ocrx_word' id='word_1_173' title='bbox 1152 2452 1288 2528; x_wconf 88' lang='lat' dir='ltr'><strong>tradunt,</strong></span> <span class='ocrx_word' id='word_1_174' title='bbox 1308 2475 1460 2517; x_wconf 88' lang='lat' dir='ltr'><strong>memores</strong></span> <span class='ocrx_word' id='word_1_175' title='bbox 1473 2451 1534 2516; x_wconf 86' lang='lat' dir='ltr'><strong>for-</strong></span> 
     </span>
     <span class='ocr_line' id='line_1_20' title="bbox 154 2557 1534 2651; baseline -0.005 -22"><span class='ocrx_word' id='word_1_176' title='bbox 154 2575 224 2629; x_wconf 86' lang='lat' dir='ltr'><strong>tasse</strong></span> <span class='ocrx_word' id='word_1_177' title='bbox 240 2565 473 2647; x_wconf 53' lang='lat' dir='ltr'><strong>conventura)</strong></span> <span class='ocrx_word' id='word_1_178' title='bbox 489 2561 541 2628; x_wconf 93' lang='lat' dir='ltr'><strong>cui</strong></span> <span class='ocrx_word' id='word_1_179' title='bbox 555 2586 670 2628; x_wconf 90' lang='lat' dir='ltr'><strong>nomen</strong></span> <span class='ocrx_word' id='word_1_180' title='bbox 684 2563 751 2649; x_wconf 86' lang='lat' dir='ltr'><strong>ejus</strong></span> <span class='ocrx_word' id='word_1_181' title='bbox 765 2561 947 2651; x_wconf 90' lang='lat' dir='ltr'><strong>impositum</strong></span> <span class='ocrx_word' id='word_1_182' title='bbox 961 2561 1071 2636; x_wconf 86' lang='lat' dir='ltr'><strong>fuerat,</strong></span> <span class='ocrx_word' id='word_1_183' title='bbox 1087 2573 1170 2626; x_wconf 87' lang='lat' dir='ltr'><strong>certe</strong></span> <span class='ocrx_word' id='word_1_184' title='bbox 1189 2583 1253 2624; x_wconf 92' lang='lat' dir='ltr'><strong>non</strong></span> <span class='ocrx_word' id='word_1_185' title='bbox 1267 2561 1433 2626; x_wconf 90' lang='lat' dir='ltr'><strong>verborum</strong></span> <span class='ocrx_word' id='word_1_186' title='bbox 1450 2557 1534 2624; x_wconf 90' lang='lat' dir='ltr'><strong>Stra-</strong></span> 
     </span>
     <span class='ocr_line' id='line_1_21' title="bbox 154 2663 1534 2758; baseline -0.007 -23"><span class='ocrx_word' id='word_1_187' title='bbox 154 2668 288 2754; x_wconf 62' lang='lat' dir='ltr'><strong>bonisffi.</strong></span> <span class='ocrx_word' id='word_1_188' title='bbox 304 2670 430 2746; x_wconf 85' lang='lat' dir='ltr'><strong>Contra,</strong></span> <span class='ocrx_word' id='word_1_189' title='bbox 443 2668 642 2735; x_wconf 89' lang='lat' dir='ltr'><strong>Laodiceiam</strong></span> <span class='ocrx_word' id='word_1_190' title='bbox 654 2669 791 2758; x_wconf 88' lang='lat' dir='ltr'><strong>appellat</strong></span> <span class='ocrx_word' id='word_1_191' title='bbox 800 2673 1004 2758; x_wconf 60' lang='lat' dir='ltr'><strong>mathaeo),</strong></span> <span class='ocrx_word' id='word_1_192' title='bbox 1015 2667 1138 2733; x_wconf 90' lang='lat' dir='ltr'><strong>Plinius</strong></span> <span class='ocrx_word' id='word_1_193' title='bbox 1154 2668 1381 2731; x_wconf 83' lang='lat' dir='ltr'><strong>celeberrimam</strong></span> <span class='ocrx_word' id='word_1_194' title='bbox 1394 2663 1534 2728; x_wconf 89' lang='lat' dir='ltr'><strong>omnium</strong></span> 
     </span>
     <span class='ocr_line' id='line_1_22' title="bbox 154 2774 1157 2864; baseline 0 -26"><span class='ocrx_word' id='word_1_195' title='bbox 154 2775 312 2843; x_wconf 88' lang='lat' dir='ltr'><strong>civitatum</strong></span> <span class='ocrx_word' id='word_1_196' title='bbox 326 2800 395 2863; x_wconf 85' lang='lat' dir='ltr'><strong>quae</strong></span> <span class='ocrx_word' id='word_1_197' title='bbox 411 2776 612 2842; x_wconf 84' lang='lat' dir='ltr'><strong>Conventum</strong></span> <span class='ocrx_word' id='word_1_198' title='bbox 627 2775 844 2864; x_wconf 87' lang='lat' dir='ltr'><strong>Cibyraticum</strong></span> <span class='ocrx_word' id='word_1_199' title='bbox 859 2776 944 2841; x_wconf 90' lang='lat' dir='ltr'><strong>adire</strong></span> <span class='ocrx_word' id='word_1_200' title='bbox 959 2774 1157 2858; x_wconf 69' lang='lat' dir='ltr'><strong>solebantUa).</strong></span> 
     </span>
    </p>

    <p class='ocr_par' dir='ltr' id='par_1_6' title="bbox 211 2877 1534 2971">
     <span class='ocr_line' id='line_1_23' title="bbox 211 2877 1534 2971; baseline -0.005 -22"><span class='ocrx_word' id='word_1_201' title='bbox 211 2883 430 2950; x_wconf 86' lang='lat' dir='ltr'><strong>Jun&#39;sdictioui</strong></span> <span class='ocrx_word' id='word_1_202' title='bbox 445 2882 603 2949; x_wconf 86' lang='lat' dir='ltr'><strong>Sardianae</strong></span> <span class='ocrx_word' id='word_1_203' title='bbox 621 2884 740 2951; x_wconf 90' lang='lat' dir='ltr'><strong>subditi</strong></span> <span class='ocrx_word' id='word_1_204' title='bbox 755 2899 842 2950; x_wconf 90' lang='lat' dir='ltr'><strong>erant</strong></span> <span class='ocrx_word' id='word_1_205' title='bbox 857 2882 1107 2971; x_wconf 87' lang='lat' dir='ltr'><strong>Philadelpheni,</strong></span> <span class='ocrx_word' id='word_1_206' title='bbox 1123 2882 1324 2970; x_wconf 69' lang='lat' dir='ltr'><strong>Pergamena</strong></span> <span class='ocrx_word' id='word_1_207' title='bbox 1338 2877 1534 2968; x_wconf 80' lang='lat' dir='ltr'><strong>Thyatireni,</strong></span> 
     </span>
    </p>

    <p class='ocr_par' dir='ltr' id='par_1_7' title="bbox 154 2984 1534 3075">
     <span class='ocr_line' id='line_1_24' title="bbox 154 2984 1534 3075; baseline 0.001 -28"><span class='ocrx_word' id='word_1_208' title='bbox 154 2986 226 3052; x_wconf 88' lang='lat' dir='ltr'><strong>adeo</strong></span> <span class='ocrx_word' id='word_1_209' title='bbox 249 3001 294 3064; x_wconf 93' lang='lat' dir='ltr'><strong>ut,</strong></span> <span class='ocrx_word' id='word_1_210' title='bbox 305 2987 364 3052; x_wconf 88' lang='lat' dir='ltr'><strong>hae</strong></span> <span class='ocrx_word' id='word_1_211' title='bbox 383 2986 511 3064; x_wconf 91' lang='lat' dir='ltr'><strong>ratione,</strong></span> <span class='ocrx_word' id='word_1_212' title='bbox 527 3010 592 3052; x_wconf 90' lang='lat' dir='ltr'><strong>non</strong></span> <span class='ocrx_word' id='word_1_213' title='bbox 607 2986 670 3053; x_wconf 86' lang='lat' dir='ltr'><strong>dici</strong></span> <span class='ocrx_word' id='word_1_214' title='bbox 684 3001 828 3075; x_wconf 86' lang='lat' dir='ltr'><strong>poterant</strong></span> <span class='ocrx_word' id='word_1_215' title='bbox 842 2985 1028 3074; x_wconf 88' lang='lat' dir='ltr'><strong>metropoles</strong></span> <span class='ocrx_word' id='word_1_216' title='bbox 1042 2986 1213 3052; x_wconf 91' lang='lat' dir='ltr'><strong>secundum</strong></span> <span class='ocrx_word' id='word_1_217' title='bbox 1228 2985 1378 3073; x_wconf 89' lang='lat' dir='ltr'><strong>placitum</strong></span> <span class='ocrx_word' id='word_1_218' title='bbox 1394 2984 1534 3072; x_wconf 89' lang='lat' dir='ltr'><strong>Spanhe·</strong></span> 
     </span>
    </p>
   </div>
   <div class='ocr_carea' id='block_1_4' title="bbox 152 3197 1534 4363">
    <p class='ocr_par' dir='ltr' id='par_1_8' title="bbox 156 3197 1534 3377">
     <span class='ocr_line' id='line_1_25' title="bbox 190 3197 1534 3278; baseline -0.003 -22"><span class='ocrx_word' id='word_1_219' title='bbox 190 3198 234 3276; x_wconf 86' lang='lat' dir='ltr'><strong>(a)</strong></span> <span class='ocrx_word' id='word_1_220' title='bbox 248 3201 348 3257; x_wconf 87' lang='lat' dir='ltr'><strong>Doctr.</strong></span> <span class='ocrx_word' id='word_1_221' title='bbox 367 3199 396 3257; x_wconf 92' lang='lat' dir='ltr'>N</span> <span class='ocrx_word' id='word_1_222' title='bbox 397 3219 456 3258; x_wconf 87' lang='lat' dir='ltr'><strong>um.</strong></span> <span class='ocrx_word' id='word_1_223' title='bbox 476 3219 505 3258; x_wconf 91' lang='lat' dir='ltr'><strong>u.</strong></span> <span class='ocrx_word' id='word_1_224' title='bbox 520 3220 541 3258; x_wconf 90' lang='lat' dir='ltr'><strong>s.</strong></span> <span class='ocrx_word' id='word_1_225' title='bbox 559 3219 608 3276; x_wconf 91' lang='lat' dir='ltr'><strong>pp.</strong></span> <span class='ocrx_word' id='word_1_226' title='bbox 623 3199 689 3264; x_wconf 82' lang='lat'><strong>273.</strong></span> <span class='ocrx_word' id='word_1_227' title='bbox 703 3220 755 3270; x_wconf 82' lang='lat' dir='ltr'><strong>ss3</strong></span> <span class='ocrx_word' id='word_1_228' title='bbox 775 3202 820 3259; x_wconf 90' lang='lat' dir='ltr'><strong>De</strong></span> <span class='ocrx_word' id='word_1_229' title='bbox 903 3197 958 3278; x_wconf 71' lang='lat' dir='ltr'><strong>(f)</strong></span> <span class='ocrx_word' id='word_1_230' title='bbox 967 3199 1036 3256; x_wconf 92' lang='lat' dir='ltr'><strong>Vid.</strong></span> <span class='ocrx_word' id='word_1_231' title='bbox 1051 3197 1236 3257; x_wconf 83' lang='lat' dir='ltr'><strong>Schleusneri</strong></span> <span class='ocrx_word' id='word_1_232' title='bbox 1249 3197 1346 3256; x_wconf 84' lang='lat' dir='ltr'><strong>Lexic.</strong></span> <span class='ocrx_word' id='word_1_233' title='bbox 1359 3197 1390 3256; x_wconf 89' lang='lat' dir='ltr'><strong>in</strong></span> <span class='ocrx_word' id='word_1_234' title='bbox 1403 3197 1441 3254; x_wconf 91' lang='lat' dir='ltr'><strong>N.</strong></span> <span class='ocrx_word' id='word_1_235' title='bbox 1456 3197 1488 3253; x_wconf 88' lang='grc' dir='ltr'><strong>Τ.</strong></span> <span class='ocrx_word' id='word_1_236' title='bbox 1503 3197 1534 3252; x_wconf 91' lang='lat' dir='ltr'><strong>in</strong></span> 
     </span>
     <span class='ocr_line' id='line_1_26' title="bbox 156 3291 1532 3377; baseline -0.004 -21"><span class='ocrx_word' id='word_1_237' title='bbox 156 3296 223 3368; x_wconf 87' lang='lat' dir='ltr'><strong>Usu,</strong></span> <span class='ocrx_word' id='word_1_238' title='bbox 237 3311 291 3357; x_wconf 85' lang='lat' dir='ltr'><strong>etc</strong></span> <span class='ocrx_word' id='word_1_239' title='bbox 305 3300 334 3357; x_wconf 92' lang='lat' dir='ltr'>N</span> <span class='ocrx_word' id='word_1_240' title='bbox 336 3319 394 3357; x_wconf 87' lang='lat' dir='ltr'><strong>um</strong></span> <span class='ocrx_word' id='word_1_241' title='bbox 409 3301 530 3358; x_wconf 86' lang='lat' dir='ltr'><strong>Dissert.</strong></span> <span class='ocrx_word' id='word_1_242' title='bbox 545 3318 587 3358; x_wconf 68' lang='lat' dir='ltr'><strong>rm</strong></span> <span class='ocrx_word' id='word_1_243' title='bbox 600 3320 648 3377; x_wconf 89' lang='lat' dir='ltr'><strong>pp.</strong></span> <span class='ocrx_word' id='word_1_244' title='bbox 662 3299 729 3360; x_wconf 89' lang='grc'><strong>630.</strong></span> <span class='ocrx_word' id='word_1_245' title='bbox 744 3321 779 3360; x_wconf 89' lang='lat' dir='ltr'><strong>ss.</strong></span> <span class='ocrx_word' id='word_1_246' title='bbox 863 3315 939 3354; x_wconf 91' lang='lat' dir='ltr'><strong>nom.</strong></span> <span class='ocrx_word' id='word_1_247' title='bbox 959 3291 1103 3364; x_wconf 64' lang='grc' dir='ltr'><strong>Δαδίκαι,</strong></span> <span class='ocrx_word' id='word_1_248' title='bbox 1128 3314 1166 3352; x_wconf 83' lang='lat' dir='ltr'><strong>ex</strong></span> <span class='ocrx_word' id='word_1_249' title='bbox 1187 3293 1313 3353; x_wconf 84' lang='lat' dir='ltr'><strong>Stosehii</strong></span> <span class='ocrx_word' id='word_1_250' title='bbox 1333 3294 1482 3372; x_wconf 76' lang='lat' dir='ltr'><strong>syntagm.</strong></span> <span class='ocrx_word' id='word_1_251' title='bbox 1504 3314 1532 3371; x_wconf 94' lang='lat' dir='ltr'><strong>p.</strong></span> 
     </span>
    </p>

    <p class='ocr_par' dir='ltr' id='par_1_9' title="bbox 189 3395 930 3476">
     <span class='ocr_line' id='line_1_27' title="bbox 189 3395 930 3476; baseline 0.001 -24"><span class='ocrx_word' id='word_1_252' title='bbox 189 3395 230 3472; x_wconf 83' lang='grc'><strong>(6)</strong></span> <span class='ocrx_word' id='word_1_253' title='bbox 244 3397 305 3454; x_wconf 91' lang='lat' dir='ltr'><strong>Ubi</strong></span> <span class='ocrx_word' id='word_1_254' title='bbox 318 3417 413 3474; x_wconf 89' lang='lat' dir='ltr'><strong>supra,</strong></span> <span class='ocrx_word' id='word_1_255' title='bbox 429 3395 550 3456; x_wconf 63' lang='lat' dir='ltr'><strong>Dabam.</strong></span> <span class='ocrx_word' id='word_1_256' title='bbox 565 3416 607 3456; x_wconf 86' lang='lat' dir='ltr'><strong>1x.</strong></span> <span class='ocrx_word' id='word_1_257' title='bbox 621 3419 649 3476; x_wconf 92' lang='lat' dir='ltr'><strong>p.</strong></span> <span class='ocrx_word' id='word_1_258' title='bbox 661 3398 726 3463; x_wconf 83' lang='lat'><strong>637.</strong></span> <span class='ocrx_word' id='word_1_259' title='bbox 866 3395 930 3456; x_wconf 86' lang='lat'><strong>165.</strong></span> 
     </span>
    </p>

    <p class='ocr_par' dir='ltr' id='par_1_10' title="bbox 155 3491 1532 3776">
     <span class='ocr_line' id='line_1_28' title="bbox 189 3491 1532 3573; baseline -0.001 -22"><span class='ocrx_word' id='word_1_260' title='bbox 189 3496 229 3573; x_wconf 84' lang='lat' dir='ltr'><strong>(c)</strong></span> <span class='ocrx_word' id='word_1_261' title='bbox 243 3495 737 3573; x_wconf 80' lang='lat' dir='ltr'><strong>DePergamenajurisdiotionevid.</strong></span> <span class='ocrx_word' id='word_1_262' title='bbox 743 3500 818 3558; x_wconf 87' lang='lat' dir='ltr'><strong>P1in.</strong></span> <span class='ocrx_word' id='word_1_263' title='bbox 901 3495 948 3573; x_wconf 78' lang='lat' dir='ltr'><strong>(y)</strong></span> <span class='ocrx_word' id='word_1_264' title='bbox 962 3493 1102 3572; x_wconf 82' lang='lat' dir='ltr'><strong>Stephani</strong></span> <span class='ocrx_word' id='word_1_265' title='bbox 1121 3493 1196 3552; x_wconf 77' lang='lat' dir='ltr'><strong>Dia.</strong></span> <span class='ocrx_word' id='word_1_266' title='bbox 1215 3493 1321 3552; x_wconf 83' lang='lat' dir='ltr'><strong>Hister.</strong></span> <span class='ocrx_word' id='word_1_267' title='bbox 1346 3493 1402 3570; x_wconf 89' lang='lat' dir='ltr'><strong>(ed.</strong></span> <span class='ocrx_word' id='word_1_268' title='bbox 1416 3491 1532 3570; x_wconf 93' lang='lat' dir='ltr'><strong>Lloyd.)</strong></span> 
     </span>
     <span class='ocr_line' id='line_1_29' title="bbox 157 3589 969 3670; baseline 0.002 -15"><span class='ocrx_word' id='word_1_269' title='bbox 157 3609 182 3648; x_wconf 82' lang='lat' dir='ltr'><strong>v·</strong></span> <span class='ocrx_word' id='word_1_270' title='bbox 195 3597 240 3655; x_wconf 88' lang='grc'><strong>33.</strong></span> <span class='ocrx_word' id='word_1_271' title='bbox 255 3597 297 3662; x_wconf 86' lang='grc'><strong>4.;</strong></span> <span class='ocrx_word' id='word_1_272' title='bbox 313 3595 357 3652; x_wconf 91' lang='lat' dir='ltr'><strong>De</strong></span> <span class='ocrx_word' id='word_1_273' title='bbox 367 3594 513 3665; x_wconf 70' lang='lat' dir='ltr'><strong>Sardiana</strong></span> <span class='ocrx_word' id='word_1_274' title='bbox 528 3597 598 3654; x_wconf 82' lang='lat' dir='ltr'><strong>ibid</strong></span> <span class='ocrx_word' id='word_1_275' title='bbox 612 3600 674 3666; x_wconf 87' lang='lat'><strong>30.;</strong></span> <span class='ocrx_word' id='word_1_276' title='bbox 689 3599 819 3659; x_wconf 81' lang='lat' dir='ltr'><strong>Conven-</strong></span> <span class='ocrx_word' id='word_1_277' title='bbox 862 3613 890 3670; x_wconf 78' lang='lat' dir='ltr'><strong>p.</strong></span> <span class='ocrx_word' id='word_1_278' title='bbox 903 3589 969 3657; x_wconf 79' lang='lat'><strong>791.</strong></span> 
     </span>
     <span class='ocr_line' id='line_1_30' title="bbox 155 3689 1276 3776; baseline 0 -30"><span class='ocrx_word' id='word_1_279' title='bbox 155 3701 199 3750; x_wconf 90' lang='lat' dir='ltr'><strong>tus</strong></span> <span class='ocrx_word' id='word_1_280' title='bbox 213 3694 381 3772; x_wconf 67' lang='lat' dir='ltr'><strong>Smyrnaeus</strong></span> <span class='ocrx_word' id='word_1_281' title='bbox 394 3704 572 3754; x_wconf 88' lang='lat' dir='ltr'><strong>memoratur</strong></span> <span class='ocrx_word' id='word_1_282' title='bbox 584 3696 616 3753; x_wconf 91' lang='lat' dir='ltr'><strong>in</strong></span> <span class='ocrx_word' id='word_1_283' title='bbox 629 3716 653 3754; x_wconf 90' lang='lat' dir='ltr'><strong>c.</strong></span> <span class='ocrx_word' id='word_1_284' title='bbox 664 3699 710 3755; x_wconf 89' lang='lat'><strong>31.</strong></span> <span class='ocrx_word' id='word_1_285' title='bbox 725 3694 748 3776; x_wconf 79' lang='lat'><strong>§.</strong></span> <span class='ocrx_word' id='word_1_286' title='bbox 759 3701 787 3763; x_wconf 89' lang='lat'><strong>9.</strong></span> <span class='ocrx_word' id='word_1_287' title='bbox 902 3689 945 3768; x_wconf 76' lang='lat' dir='ltr'><strong>(lt)</strong></span> <span class='ocrx_word' id='word_1_288' title='bbox 960 3689 1042 3750; x_wconf 87' lang='lat' dir='ltr'><strong>Conf.</strong></span> <span class='ocrx_word' id='word_1_289' title='bbox 1057 3689 1132 3747; x_wconf 87' lang='lat' dir='ltr'><strong>Plio.</strong></span> <span class='ocrx_word' id='word_1_290' title='bbox 1148 3707 1177 3746; x_wconf 91' lang='lat' dir='ltr'><strong>v.</strong></span> <span class='ocrx_word' id='word_1_291' title='bbox 1192 3691 1238 3752; x_wconf 85' lang='lat'><strong>29.</strong></span> <span class='ocrx_word' id='word_1_292' title='bbox 1249 3693 1276 3746; x_wconf 89' lang='lat'><strong>4.</strong></span> 
     </span>
    </p>

    <p class='ocr_par' dir='ltr' id='par_1_11' title="bbox 152 3786 1532 4266">
     <span class='ocr_line' id='line_1_31' title="bbox 188 3786 1395 3872; baseline -0.007 -22"><span class='ocrx_word' id='word_1_293' title='bbox 188 3790 233 3870; x_wconf 82' lang='lat' dir='ltr'><strong>(d)</strong></span> <span class='ocrx_word' id='word_1_294' title='bbox 247 3791 324 3850; x_wconf 89' lang='lat' dir='ltr'><strong>Vide</strong></span> <span class='ocrx_word' id='word_1_295' title='bbox 336 3792 496 3869; x_wconf 85' lang='lat' dir='ltr'><strong>Ulpianum</strong></span> <span class='ocrx_word' id='word_1_296' title='bbox 512 3794 544 3850; x_wconf 90' lang='lat' dir='ltr'><strong>in</strong></span> <span class='ocrx_word' id='word_1_297' title='bbox 564 3795 596 3852; x_wconf 91' lang='lat' dir='ltr'><strong>L.</strong></span> <span class='ocrx_word' id='word_1_298' title='bbox 611 3811 630 3852; x_wconf 89' lang='lat'><strong>1.</strong></span> <span class='ocrx_word' id='word_1_299' title='bbox 649 3795 696 3852; x_wconf 89' lang='lat' dir='ltr'><strong>tit.</strong></span> <span class='ocrx_word' id='word_1_300' title='bbox 710 3795 820 3872; x_wconf 84' lang='lat' dir='ltr'><strong>Digest.</strong></span> <span class='ocrx_word' id='word_1_301' title='bbox 904 3789 941 3869; x_wconf 73' lang='lat' dir='ltr'><strong>(a)</strong></span> <span class='ocrx_word' id='word_1_302' title='bbox 962 3790 1026 3847; x_wconf 90' lang='lat' dir='ltr'><strong>Lib.</strong></span> <span class='ocrx_word' id='word_1_303' title='bbox 1042 3791 1209 3864; x_wconf 74' lang='lat' dir='ltr'><strong>X11.cep.8.</strong></span> <span class='ocrx_word' id='word_1_304' title='bbox 1224 3807 1251 3864; x_wconf 88' lang='lat' dir='ltr'><strong>p.</strong></span> <span class='ocrx_word' id='word_1_305' title='bbox 1262 3787 1308 3851; x_wconf 81' lang='grc'><strong>72.</strong></span> <span class='ocrx_word' id='word_1_306' title='bbox 1324 3786 1395 3844; x_wconf 87' lang='lat' dir='ltr'><strong>Tau.</strong></span> 
     </span>
     <span class='ocr_line' id='line_1_32' title="bbox 158 3884 1532 3969; baseline 0.001 -19"><span class='ocrx_word' id='word_1_307' title='bbox 158 3889 196 3950; x_wconf 85' lang='lat'><strong>16.</strong></span> <span class='ocrx_word' id='word_1_308' title='bbox 211 3892 247 3949; x_wconf 92' lang='lat' dir='ltr'><strong>de</strong></span> <span class='ocrx_word' id='word_1_309' title='bbox 260 3890 352 3950; x_wconf 88' lang='lat' dir='ltr'><strong>officio</strong></span> <span class='ocrx_word' id='word_1_310' title='bbox 365 3911 494 3968; x_wconf 89' lang='lat' dir='ltr'><strong>procons.</strong></span> <span class='ocrx_word' id='word_1_311' title='bbox 529 3894 608 3952; x_wconf 89' lang='lat' dir='ltr'><strong>Hinc</strong></span> <span class='ocrx_word' id='word_1_312' title='bbox 621 3895 757 3969; x_wconf 77' lang='lat' dir='ltr'><strong>preclare</strong></span> <span class='ocrx_word' id='word_1_313' title='bbox 770 3915 820 3953; x_wconf 88' lang='lat' dir='ltr'><strong>ex·</strong></span> <span class='ocrx_word' id='word_1_314' title='bbox 902 3890 947 3969; x_wconf 72' lang='lat' dir='ltr'><strong>(J)</strong></span> <span class='ocrx_word' id='word_1_315' title='bbox 961 3889 1057 3948; x_wconf 89' lang='lat' dir='ltr'><strong>Strab.</strong></span> <span class='ocrx_word' id='word_1_316' title='bbox 1072 3907 1101 3946; x_wconf 89' lang='lat' dir='ltr'><strong>u.</strong></span> <span class='ocrx_word' id='word_1_317' title='bbox 1116 3908 1137 3946; x_wconf 81' lang='lat' dir='ltr'><strong>s.</strong></span> <span class='ocrx_word' id='word_1_318' title='bbox 1150 3908 1178 3964; x_wconf 91' lang='lat' dir='ltr'><strong>p.</strong></span> <span class='ocrx_word' id='word_1_319' title='bbox 1193 3887 1239 3950; x_wconf 82' lang='grc'><strong>74.</strong></span> <span class='ocrx_word' id='word_1_320' title='bbox 1254 3887 1325 3943; x_wconf 73' lang='lat' dir='ltr'><strong>Tau·</strong></span> <span class='ocrx_word' id='word_1_321' title='bbox 1344 3884 1380 3942; x_wconf 90' lang='lat' dir='ltr'><strong>‘H</strong></span> <span class='ocrx_word' id='word_1_322' title='bbox 1393 3890 1435 3951; x_wconf 76' lang='lat' dir='ltr'><strong>ris</strong></span> <span class='ocrx_word' id='word_1_323' title='bbox 1446 3885 1532 3968; x_wconf 63' lang='grc' dir='ltr'><strong><em>κόρας</em></strong></span> 
     </span>
     <span class='ocr_line' id='line_1_33' title="bbox 152 3987 1532 4072; baseline -0.004 -22"><span class='ocrx_word' id='word_1_324' title='bbox 152 3991 275 4065; x_wconf 79' lang='lat' dir='ltr'><strong>plicatur</strong></span> <span class='ocrx_word' id='word_1_325' title='bbox 297 4010 435 4050; x_wconf 82' lang='lat' dir='ltr'><strong>nummus</strong></span> <span class='ocrx_word' id='word_1_326' title='bbox 456 3992 577 4070; x_wconf 81' lang='lat' dir='ltr'><strong>insignis</strong></span> <span class='ocrx_word' id='word_1_327' title='bbox 598 3993 819 4070; x_wconf 79' lang='lat' dir='ltr'><strong>Ephesinorum,</strong></span> <span class='ocrx_word' id='word_1_328' title='bbox 863 3993 946 4072; x_wconf 69' lang='lat' dir='ltr'><strong>niptris,</strong></span> <span class='ocrx_word' id='word_1_329' title='bbox 960 3994 1006 4047; x_wconf 67' lang='lat' dir='ltr'><strong>aar*</strong></span> <span class='ocrx_word' id='word_1_330' title='bbox 1021 3991 1068 4046; x_wconf 75' lang='lat' dir='ltr'><strong>uir</strong></span> <span class='ocrx_word' id='word_1_331' title='bbox 1086 3991 1197 4046; x_wconf 71' lang='grc' dir='ltr'><strong>πολιτῦι</strong></span> <span class='ocrx_word' id='word_1_332' title='bbox 1210 4009 1270 4050; x_wconf 68' lang='grc' dir='ltr'><em>τινες</em></span> <span class='ocrx_word' id='word_1_333' title='bbox 1282 3987 1473 4063; x_wconf 66' lang='grc' dir='ltr'><strong>εὐτυχήσαντες,</strong></span> <span class='ocrx_word' id='word_1_334' title='bbox 1485 4011 1532 4063; x_wconf 68' lang='grc' dir='ltr'><strong>με·</strong></span> 
     </span>
     <span class='ocr_line' id='line_1_34' title="bbox 152 4088 1167 4162; baseline -0.005 -14"><span class='ocrx_word' id='word_1_335' title='bbox 152 4099 315 4150; x_wconf 80' lang='grc' dir='ltr'>ΕΦΕΟΙΩΝ</span> <span class='ocrx_word' id='word_1_336' title='bbox 325 4135 331 4148; x_wconf 93' lang='grc'><strong>.</strong></span> <span class='ocrx_word' id='word_1_337' title='bbox 341 4101 379 4148; x_wconf 87' lang='lat' dir='ltr'><strong>A.</strong></span> <span class='ocrx_word' id='word_1_338' title='bbox 392 4099 623 4161; x_wconf 80' lang='lat' dir='ltr'><strong>KATAHAOTC,</strong></span> <span class='ocrx_word' id='word_1_339' title='bbox 635 4111 672 4150; x_wconf 80' lang='lat' dir='ltr'><strong>ex</strong></span> <span class='ocrx_word' id='word_1_340' title='bbox 680 4091 818 4150; x_wconf 82' lang='lat' dir='ltr'><strong>Vaillant.</strong></span> <span class='ocrx_word' id='word_1_341' title='bbox 862 4091 946 4162; x_wconf 68' lang='grc' dir='ltr'><strong>γᾶλην</strong></span> <span class='ocrx_word' id='word_1_342' title='bbox 958 4090 1072 4153; x_wconf 70' lang='lat' dir='ltr'><strong>istoriam</strong></span> <span class='ocrx_word' id='word_1_343' title='bbox 1085 4088 1167 4150; x_wconf 69' lang='lat' dir='ltr'><strong>aistis.</strong></span> 
     </span>
     <span class='ocr_line' id='line_1_35' title="bbox 154 4186 1173 4266; baseline 0 -23"><span class='ocrx_word' id='word_1_344' title='bbox 154 4188 199 4246; x_wconf 88' lang='lat' dir='ltr'><strong>eit.</strong></span> <span class='ocrx_word' id='word_1_345' title='bbox 213 4189 250 4245; x_wconf 85' lang='lat' dir='ltr'><strong>ab</strong></span> <span class='ocrx_word' id='word_1_346' title='bbox 263 4186 403 4244; x_wconf 83' lang='lat' dir='ltr'><strong>Eclrhelio</strong></span> <span class='ocrx_word' id='word_1_347' title='bbox 417 4187 448 4244; x_wconf 91' lang='lat' dir='ltr'><strong>in</strong></span> <span class='ocrx_word' id='word_1_348' title='bbox 461 4188 517 4245; x_wconf 84' lang='lat' dir='ltr'><strong>vol.</strong></span> <span class='ocrx_word' id='word_1_349' title='bbox 534 4204 563 4244; x_wconf 79' lang='lat' dir='ltr'><strong>ru</strong></span> <span class='ocrx_word' id='word_1_350' title='bbox 577 4206 605 4262; x_wconf 85' lang='lat' dir='ltr'><strong>p.</strong></span> <span class='ocrx_word' id='word_1_351' title='bbox 615 4188 683 4245; x_wconf 84' lang='lat'><strong>518.</strong></span> <span class='ocrx_word' id='word_1_352' title='bbox 902 4187 947 4266; x_wconf 83' lang='lat' dir='ltr'><strong>(lc)</strong></span> <span class='ocrx_word' id='word_1_353' title='bbox 961 4188 1024 4247; x_wconf 91' lang='lat' dir='ltr'><strong>Lib.</strong></span> <span class='ocrx_word' id='word_1_354' title='bbox 1039 4205 1069 4247; x_wconf 86' lang='lat' dir='ltr'><strong>v.</strong></span> <span class='ocrx_word' id='word_1_355' title='bbox 1083 4189 1130 4250; x_wconf 81' lang='lat'><strong>29.</strong></span> <span class='ocrx_word' id='word_1_356' title='bbox 1146 4189 1173 4244; x_wconf 91' lang='grc'><strong>3.</strong></span> 
     </span>
    </p>

    <p class='ocr_par' dir='ltr' id='par_1_12' title="bbox 191 4283 794 4363">
     <span class='ocr_line' id='line_1_36' title="bbox 191 4283 794 4363; baseline 0 -20"><span class='ocrx_word' id='word_1_357' title='bbox 191 4286 230 4363; x_wconf 85' lang='lat' dir='ltr'><strong>(e)</strong></span> <span class='ocrx_word' id='word_1_358' title='bbox 250 4286 332 4344; x_wconf 87' lang='lat' dir='ltr'><strong>Cont&#39;.</strong></span> <span class='ocrx_word' id='word_1_359' title='bbox 348 4287 446 4345; x_wconf 87' lang='lat' dir='ltr'><strong>Doctr.</strong></span> <span class='ocrx_word' id='word_1_360' title='bbox 460 4285 549 4344; x_wconf 89' lang='lat' dir='ltr'><strong>Num</strong></span> <span class='ocrx_word' id='word_1_361' title='bbox 563 4285 618 4343; x_wconf 81' lang='lat' dir='ltr'><strong>vol</strong></span> <span class='ocrx_word' id='word_1_362' title='bbox 631 4302 673 4344; x_wconf 78' lang='lat' dir='ltr'><strong>ua</strong></span> <span class='ocrx_word' id='word_1_363' title='bbox 688 4305 715 4362; x_wconf 93' lang='lat' dir='ltr'><strong>p.</strong></span> <span class='ocrx_word' id='word_1_364' title='bbox 730 4283 794 4346; x_wconf 87' lang='lat'><strong>165.</strong></span> 
     </span>
    </p>
   </div>
   <div class='ocr_carea' id='block_1_5' title="bbox 813 4387 871 4448">
    <p class='ocr_par' dir='ltr' id='par_1_13' title="bbox 813 4387 871 4448">
     <span class='ocr_line' id='line_1_37' title="bbox 813 4387 871 4448; baseline 0 0"><span class='ocrx_word' id='word_1_365' title='bbox 813 4387 871 4448; x_wconf 82' lang='lat' dir='ltr'><strong>x2</strong></span> 
     </span>
    </p>
   </div>
   <div class='ocr_carea' id='block_1_6' title="bbox 0 0 1908 5092">
    <p class='ocr_par' dir='ltr' id='par_1_14' title="bbox 0 0 1908 5092">
     <span class='ocr_line' id='line_1_38' title="bbox 0 0 1908 5092; baseline 0 0"><span class='ocrx_word' id='word_1_366' title='bbox 0 0 1908 5092; x_wconf 95' lang='lat' dir='ltr'><strong> </strong></span> 
     </span>
    </p>
   </div>
  </div>
 </body>
</html>
