3676 5100
668 440 853 508 SARDES.

323 613 501 699 Παρθένον,
516 619 554 692 'lc
569 613 705 684 ἆπίλυσε
719 618 844 704 μίτρην,
859 619 897 691 ἧς
911 617 1008 700 ὥριον
1023 615 1124 696 ἄνθος
1247 625 1249 628 ’

358 722 482 810 Ἔσχεν
497 726 530 790 ἐν
545 723 682 808 ἡμιτελεῖ
695 725 898 810 παυσάμενον
915 722 1057 811 θαλάμῳ·

322 837 415 917 Τρεῖς
429 831 493 917 γὰρ
507 831 553 898 ἐπ’
569 833 712 899 εἰκοστὸν
725 831 856 902 colloca
870 832 949 919 βίον
964 836 1135 912 ἐνιαυτοὺς,

363 941 424 1004 Kal
438 938 514 1019 μετὰ
528 935 639 1005 τούσδε
656 936 751 1007 θάνεν
765 946 859 1007 τοῦτο
875 939 1014 1008 λιποῦσα
1028 943 1121 1029 φάος.

482 1072 499 1108 a
562 1072 606 1113 ‚a
695 1073 712 1112 a
801 1073 819 1113 α
906 1076 925 1112 α
1013 1077 1033 1113 a

667 1278 853 1347 SARDES.

542 1443 623 1509 Pac.
635 1445 686 1510 47.
703 1444 778 1510 Tm.
791 1445 888 1511 VIII.
904 1469 934 1510 v.
950 1451 976 1510 l.

130 1580 249 1644 Πανία.
295 1572 351 1637 Ad
365 1572 493 1638 titulum
505 1573 609 1640 denuo
624 1573 736 1641 accessi
750 1573 785 1640 in
797 1599 890 1662 quem
902 1573 1073 1663 plurimum
1085 1573 1162 1660 quid
1176 1573 1290 1640 laboris
1303 1599 1354 1641 me
1363 1575 1460 1642 fateor

67 1682 262 1771 impendisse,
281 1679 463 1767 astutiaeque
487 1679 611 1758 criticae,
636 1680 764 1770 ingenio
795 1683 894 1770 magis
919 1706 1014 1769 quam
1036 1681 1128 1748 certis
1159 1681 1331 1747 rationibus
1352 1681 1457 1756 fretus.

68 1789 153 1870 Quid
169 1787 285 1853 etenim
300 1787 439 1852 licebat?
483 1785 624 1852 Marmor
642 1786 775 1854 fractum
796 1802 828 1856 ct
851 1813 981 1856 exesum
1005 1791 1045 1855 ab
1068 1787 1154 1855 omni
1177 1788 1241 1854 fere
1262 1802 1358 1878 parte,
1381 1812 1457 1865 aevo,

67 1897 136 1974 situ,
152 1894 293 1961 barbarie
308 1892 524 1971 deformatum,
545 1893 700 1960 elementa
724 1919 803 1960 rora
822 1896 858 1961 in
877 1895 955 1962 facie
976 1895 1133 1984 insculpta
1156 1900 1357 1980 apparentia,
1382 1919 1459 1982 opus

67 2001 293 2068 infructuosum
308 2023 390 2078 sane,
402 2024 442 2066 ne
454 1999 556 2066 dicam
571 2025 788 2080 aerumnosum,
800 2003 1051 2090 suppeditabant.
1085 2002 1158 2068 Hoc
1172 2025 1246 2067 vero
1261 2001 1361 2078 effeci,
1375 2002 1458 2087 quod

66 2131 128 2173 non
140 2104 266 2172 levioris
280 2103 432 2169 momenti
447 2117 502 2183 est,
517 2117 554 2168 ut
567 2104 727 2171 literarum
742 2105 854 2170 formas
868 2119 1005 2171 vetustas
1020 2118 1162 2172 accurate
1177 2105 1276 2193 magis
1291 2105 1459 2194 desenptas

65 2212 242 2302 legentibus
265 2211 434 2298 praeberem
458 2234 552 2296 quam
571 2211 646 2278 fecit
664 2211 899 2300 Peysonnellus,
924 2211 979 2297 qui
1001 2211 1036 2276 in
1059 2211 1120 2277 hoc
1139 2212 1245 2278 labore
1268 2213 1459 2279 exantlando

66 2318 180 2385 abhinc
194 2330 321 2382 centum
330 2339 419 2404 paene
430 2339 527 2382 annos
541 2315 773 2404 praeivemt(a);
787 2339 846 2382 nec
857 2327 979 2381 tantum
993 2315 1112 2404 effigies
1127 2315 1370 2398 elementorum3
1382 2319 1460 2405 quin

65 2426 159 2490 etiam
178 2423 327 2490 lectiones
346 2422 495 2510 plurimas
518 2422 628 2488 videor
650 2421 730 2488 mihi
753 2422 933 2511 apographo
956 2421 1107 2487 exactiori
1127 2421 1249 2490 dedisse
1273 2448 1368 2510 quam
1391 2425 1460 2490 viro

66 2532 165 2608 docto,
182 2529 340 2597 festinanti
354 2529 488 2594 nimium
503 2529 638 2606 fortasse,
654 2528 819 2615 minusque
834 2529 955 2595 curiose
974 2543 1213 2594 monumentum
1230 2530 1327 2595 oculis
1342 2531 1459 2618 perlue·
1573 2601 1574 2604 Ἴ

65 2637 168 2715 tronti
180 2649 216 2702 ut
226 2636 349 2712 faceret,
361 2633 481 2701 occasio
492 2633 633 2700 dabatur.
678 2633 856 2699 Fatendum
871 2657 945 2699 vero
957 2647 1011 2712 est,
1023 2657 1074 2698 me
1085 2632 1119 2698 in
1131 2633 1199 2699 aliis
1211 2659 1305 2720 quam
1317 2636 1460 2724 plurimis

66 2769 134 2830 quae
149 2742 325 2809 adsensum
339 2754 372 2806 et
385 2754 508 2806 oetaaem
522 2740 708 2829 epigraphes
722 2740 902 2807 enodandos
916 2764 1105 2830 magnopere
1116 2741 1236 2807 faciunt
1246 2743 1366 2808 bonum
1376 2743 1459 2810 fruo-

66 2865 133 2916 tum
148 2873 191 2916 ex
206 2847 406 2937 Peysonnelli
421 2846 579 2914 labo1ibus
593 2847 776 2936 percepisse.

129 2955 289 3044 Exempla
303 2953 446 3041 quaedam
469 2953 605 3041 proferre
628 2978 692 3020 non
707 2953 812 3043 piget;
834 2954 909 3020 dein
933 2953 1148 3042 apographum
1163 2906 1461 3043 Peysonnellianum

66 3063 223 3151 integrum
237 3059 423 3137 exscribere,
438 3073 475 3124 ut
489 3059 567 3126 adeo
586 3059 747 3127 meliorem
769 3073 951 3148 apparatum
965 3083 1074 3126 eorum
1089 3084 1159 3146 quae
1174 3060 1214 3127 ad
1229 3061 1359 3127 criticen
1373 3085 1459 3150 spec-

66 3182 140 3247 tant,
156 3167 314 3235 habeant
305 3191 340 3231 m
354 3179 502 3254 promptu
516 3166 655 3234 lectores.

129 3274 296 3343 Primum
286 3299 322 3340 m
336 3274 440 3340 animo
451 3274 531 3339 mihi
546 3273 614 3352 fuit,
630 3239 737 3352 fateor,
752 3273 967 3363 apographum
982 3271 1141 3358 antiquius
1155 3271 1217 3336 vin
1206 3271 1374 3349 docti,t
1342 3285 1374 3338 et
1388 3297 1458 3360 pro-

108 3468 228 3528 Verba
219 3488 250 3526 1n
263 3488 290 3526 v.
305 3467 364 3526 4.’
354 3489 375 3526 o
398 3467 514 3541 ἑμιτιλα
533 3466 642 3544 θαλάμῳ
655 3466 745 3524 inter-
788 3483 901 3524 maneo:
922 3483 952 3522 se
965 3463 1089 3521 viduum
1102 3465 1198 3542 plorat
1211 3464 1329 3540 Aquila

71 3577 203 3646 pretatur
222 3567 348 3644 Spanius
368 3569 451 3644 quasi
471 3565 569 3632 linem
591 3567 746 3625 excesserit
829 3562 1095 3622 Constructioinv.
1105 3567 1132 3624 5.
1143 3563 1309 3639 impeditior
1317 3571 1368 3622 est
1383 3564 1461 3623 Prae-

72 3662 247 3740 Xanthippe.
287 3663 387 3720 Bonus
414 3681 523 3734 sensus,
548 3672 578 3722 et
599 3664 647 3722 cui
667 3663 746 3723 favet
788 3665 915 3734 tulerim,
931 3661 979 3721 ἀπ’
993 3667 1112 3722 dancrat.
1133 3664 1271 3721 Ceterum
1284 3665 1462 3724 recteinter·

71 3761 245 3840 Apollonius
258 3761 294 3818 ad
306 3760 391 3819 mad.
405 3765 438 3832 β’,
454 3762 521 3826 701.
564 3763 660 3840 Atqui
675 3762 744 3820 audi
787 3775 921 3844 pretatur
935 3765 1062 3842 Spanius
1075 3764 1112 3822 de
1125 3781 1214 3821 xxm.
1229 3783 1317 3822 annos
1332 3773 1406 3822 nata.

70 3860 230 3938 Passov.(1.
244 3857 342 3933 1025.)
354 3860 390 3917 ad
405 3859 484 3918 hunc
499 3861 595 3918 locum
613 3868 743 3938 spectan-
826 3861 960 3921 Illustres
982 3883 1011 3921 v.
1028 3860 1057 3920 6.
1079 3882 1117 3920 ex
1141 3861 1276 3931 Hesiodo,
1302 3861 1373 3938 opp.
1396 3865 1459 3924 153.

69 3959 239 4039 lem“dip05
254 3963 382 4038 ἦμαπλῆς,
392 3962 580 4040 halbfertiges
589 3961 743 4032 chadas
786 3957 903 4024 Θόαντος
914 3999 1004 4017 ......
1014 3956 1076 4034 ahs
1095 3957 1186 4026 αὲλας,
1205 3963 1325 4039 upupis
1339 3955 1361 4018 δ’
1372 3957 1460 4019 ’ἔλιπον

68 4063 212 4123 vonder
188 4082 271 4122 emen
280 4060 741 4130 HtlftedemMannaverlassen
786 4059 852 4132 φάος
865 4058 962 4122 isaim·

65 4185 95 4224 u.
116 4183 175 4222 nur
195 4161 269 4240 noch
288 4181 345 4219 von
366 4161 423 4219 der
439 4161 556 4228 anderu,
582 4160 634 4218 der
654 4159 741 4243 Fran
826 4153 926 4235 (α)Οῇ
945 4153 1223 4232 Voyaqemyaare
1236 4166 1282 4215 etc.
1296 4159 1460 4235 appendicis
1488 4213 1493 4221 .

67 4237 224 4321 bewohnt
216 4267 263 4329 1st,
279 4257 494 4317 unterbrochne
507 4256 599 4316 Ehe.”
639 4255 675 4314 In
688 4254 744 4314 hoc
786 4255 1460 4332 instaradjectumvcluminfflbservationsffia·

747 4374 768 4420 U
