3818 5094
796 1149 1297 1248 PHILADELPHIA.

841 1395 919 1449 rara.
937 1365 1068 1452 alain
1088 1397 1248 1453 susum.

348 1595 471 1660 Usar-:n
495 1592 647 1658 illustrem
661 1590 807 1657 fundavit
820 1591 948 1657 Attalus
963 1593 1184 1680 Pergamenus,
1203 1589 1256 1656 eui
1275 1615 1430 1680 agnomen
1445 1591 1682 1681 Philadelphus,
1702 1597 1743 1662 ad

345 1700 465 1766 radices
479 1698 595 1774 Tmoli,
611 1722 797 1783 amnemque
808 1699 905 1784 juxta
918 1699 1103 1786 Cogamum.
1141 1697 1209 1763 Neo
1230 1698 1404 1785 auspicato:
1426 1722 1499 1764 nam
1514 1699 1631 1765 vicinia
1646 1702 1740 1768 Cata·

346 1827 555 1880 oecaumenes,
576 1817 726 1888 terraeque
741 1816 906 1890 propterea
920 1815 1022 1868 motus
1042 1801 1151 1879 crebri,
1169 1802 1257 1868 sedes
1273 1803 1404 1869 minime
1421 1817 1502 1870 tutas
1517 1805 1740 1893 praebuerunt:

345 1910 490 1978 labefacti
500 1909 591 1986 muri,
607 1908 711 1972 diruta
722 1906 870 1972 aedificia:
892 1905 1024 1994 proinde
1039 1929 1110 1970 rura
1125 1919 1230 1992 petere
1245 1906 1345 1971 coacti
1359 1907 1452 1973 cives.

411 2017 497 2080 Hinc
511 2014 618 2081 laudes
634 2012 766 2090 Tiberii,
790 2027 915 2078 auctore
932 2012 1053 2088 Tacito,
1074 2012 1164 2096 cujus
1178 2011 1424 2078 benivolentiam
1446 2026 1585 2101 experta
1608 2028 1682 2081 sunt
1705 2017 1739 2082 in

344 2126 436 2191 rebus
452 2122 574 2189 afflictis
588 2121 730 2187 civitates
740 2120 834 2198 Asiae,
853 2120 974 2197 Sardes,
987 2120 1151 2208 Magnesia
1161 2118 1320 2207 Sipylcna,
1330 2119 1559 2208 Philadelphia,
1575 2121 1643 2186 aliae
1658 2124 1739 2189 bene

344 2231 467 2308 rnultae;
483 2255 541 2296 nec
551 2229 657 2295 deerat
665 2242 753 2317 gratu
763 2229 988 2296 beneficiorum
1002 2227 1184 2305 recordatio,
1200 2227 1336 2294 nummis
1351 2228 1440 2306 cusis,
1451 2228 1519 2306 aris,
1530 2229 1648 2307 statuis,
1659 2245 1738 2297 tem·

343 2336 403 2424 plis
418 2336 452 2400 in
467 2335 617 2400 honorem
632 2332 866 2421 imperatorium
881 2331 997 2420 positis.

408 2443 495 2508 Inter
509 2441 621 2530 Lydiae
636 2442 728 2506 urbes
744 2441 916 2507 secundum
930 2441 1035 2508 locum
1051 2439 1189 2506 obtinuit
1203 2438 1461 2527 Philadelphena.
1498 2440 1549 2506 Ibi
1564 2455 1738 2508 conventus

343 2549 420 2615 sacri
434 2549 545 2626 habiti,
561 2548 692 2635 ludique
707 2549 854 2616 celebrati
870 2550 1019 2616 solennes.

406 2653 506 2720 Varia
529 2668 595 2719 erat
609 2653 741 2731 fortuna,
765 2654 954 2720 vexantibus
969 2654 1080 2719 Asiam
1095 2652 1377 2729 Mahommedanis,
1396 2664 1429 2718 et
1443 2677 1462 2717 a
1476 2651 1594 2718 Graecis
1619 2665 1651 2719 et
1666 2654 1736 2720 bar-

342 2760 434 2825 baris.
478 2761 673 2850 Expugnata
687 2775 733 2827 est
748 2787 899 2828 unacum
916 2763 1059 2852 Smyrna,
1076 2763 1212 2851 Epheso,
1227 2761 1392 2838 Laodicea,
1408 2775 1557 2849 regnante
1573 2761 1702 2839 Alexio,
1719 2787 1738 2828 a

343 2865 443 2941 Duca,
464 2866 519 2956 qui
540 2867 681 2932 Turcum
698 2866 948 2954 Tangripemem
972 2860 1207 2955 profligaverat:
1230 2865 1304 2930 dein
1328 2866 1367 2930 ab
1382 2865 1510 2943 Alexio,
1530 2865 1619 2931 brevi
1638 2865 1736 2932 inter-

342 2972 434 3038 vallo.
478 2974 702 3061 Imperatorem
722 2975 912 3053 Manuelem,
938 2989 1009 3064 post
1031 2975 1189 3041 infelicem
1214 2997 1288 3040 cum
1310 2972 1449 3038 barbaris
1472 2995 1671 3060 congressum
1696 2974 1736 3039 ad

344 3077 508 3154 Zibricam,
533 3078 669 3166 hospitio
692 3079 829 3167 excepit.
874 3080 1009 3144 Tentata
1032 3093 1087 3156 est,
1111 3093 1262 3166 regnante
1277 3075 1463 3142 Andronico
1482 3076 1670 3166 Palaeologo‚
1696 3079 1736 3145 ab

340 3183 484 3260 Alisura;
507 3181 591 3248 cives
603 3207 676 3247 vero
692 3183 854 3248 obsidione
865 3183 962 3270 pressi
977 3207 995 3249 a
1010 3182 1171 3272 Rudigero
1182 3182 1394 3269 Romanisque
1408 3181 1630 3248 liberabantur.
1675 3186 1734 3252 Ul-

340 3290 419 3354 tima
432 3288 559 3354 demum
574 3313 637 3354 sors
653 3291 827 3367 accedebat,
844 3291 1032 3362 adventante
1047 3291 1196 3380 Bayazld.
1242 3291 1355 3356 Tuscis
1370 3291 1469 3369 cessit,
1485 3290 1566 3356 fame
1580 3305 1613 3356 et
1626 3293 1736 3383 inopia

341 3409 464 3472 vexata,
480 3393 599 3460 civium
613 3395 688 3459 verb
705 3394 813 3461 ardore
827 3395 1013 3461 inextincto.

407 3502 470 3567 Sed
485 3501 585 3566 missis
605 3501 743 3567 caedibus
767 3516 799 3568 et
821 3503 947 3591 rapinis,
964 3528 1093 3590 aevoque
1107 3504 1247 3581 barbaro,
1263 3503 1425 3569 redeamus
1448 3502 1488 3568 ad
1502 3504 1733 3591 Apostolieum.

341 3607 543 3686 Memoratur,
559 3621 595 3672 ut
609 3608 807 3674 notissimum
821 3623 876 3688 est,
892 3613 966 3676 urbs
980 3611 1121 3677 Attalica
1134 3612 1168 3675 in
1183 3611 1394 3700 Apocalypsi:
1409 3614 1600 3676 Nonnullam
1616 3615 1734 3680 habeus

340 3717 497 3790 uirtutem,
513 3723 543 3776 et
558 3713 725 3776 observans
739 3736 907 3777 sermonem
917 3716 1059 3791 Domini,
1075 3737 1173 3801 neque
1189 3719 1347 3803 abnegans
1362 3739 1469 3780 nomen
1484 3721 1559 3803 ejna
1604 3719 1733 3808 Insigne

340 3820 478 3885 veritatis
494 3826 752 3885 monumentum!
776 3821 886 3887 Manet
901 3822 1003 3887 adhuc
1018 3822 1192 3900 incolumis,
1210 3823 1393 3909 Scholaeque
1407 3821 1523 3900 insunt,
1541 3822 1732 3903 Sacerdotes,

339 3927 483 4014 Angelus
498 3926 655 4004 Ecclesiae,
672 3927 773 4006 Ritus,
791 3929 920 3996 Sacella.
964 3930 1078 3996 Fidem
1093 3945 1221 3997 tuentur
1240 3955 1379 4008 avorum,
1394 3955 1458 3996 non
1472 3931 1560 3996 illam
1574 3931 1732 4017 equidem,

339 4035 424 4120 quod
439 4035 636 4122 speraverim,
652 4035 812 4116 sinceram,
825 4039 912 4125 atqui
923 4063 965 4104 ex
976 4039 1062 4106 fonte
1073 4040 1257 4127 Apostolico
1269 4039 1457 4116 derivatam
1471 4037 1588 4104 idcirco
1603 4039 1733 4106 meliora

338 4138 555 4227 spondentem.
600 4139 687 4220 Quid
702 4140 780 4207 dicit
795 4142 982 4220 Historieus,
1003 4166 1067 4208 non
1086 4143 1140 4209 ille
1161 4168 1203 4208 ex
1217 4142 1360 4209 fidelium
1374 4149 1527 4208 numero?
1573 4154 1591 4182 “
1604 4143 1733 4212 Servata

337 4261 383 4310 est
406 4244 471 4311 sive
494 4269 550 4334 per
569 4245 772 4334 Prophetiam
797 4247 863 4316 sive
879 4248 1041 4316 Virtutem
1062 4249 1291 4338 Philadelphia.
1335 4248 1497 4316 Remotior
1520 4274 1539 4315 a
1557 4251 1731 4330 maritimis,
