3818 5094
354 469 393 531 26
768 461 1117 542 INSCRIPTIONES
1139 463 1329 531 GRAEGAE.
1572 469 1691 550 [rusca.
1708 488 1744 532 11.

669 652 735 724 τοῦ
754 643 1000 747 ἀγωνοθέτου,
1022 643 1125 723 τίτου
1144 643 1269 723 αἱλίου

665 775 843 879 πρίσκου,
863 770 998 878 ἀνδρὸς
1017 770 1283 873 δοκιμωτάτου,
1301 776 1363 855 καὶ

663 906 790 1011 πάσης
808 913 915 1009 τιμῆς
935 910 995 990 καὶ
1014 909 1206 1014 ἀποδοχῆς
1225 907 1347 1014 ἀξίου.

850 1139 993 1197 VARIAE
1013 1138 1247 1198 LECTIONES.

356 1255 454 1343 possit
467 1254 519 1320 vel
533 1253 682 1323 εἰωθέναι·
699 1260 748 1322 καὶ
763 1284 800 1322 κα
848 1259 893 1323 ὧν
907 1303 996 1320 .....
1008 1253 1200 1343 διατάγματι,
1211 1253 1272 1333 vel,
1287 1255 1391 1320 sihaec
1401 1254 1519 1321 locutio
1534 1257 1649 1322 absona
1659 1257 1747 1342 judi·

357 1357 453 1419 cetur,
512 1340 544 1409 δὲ
556 1346 689 1426 κρίσεων
700 1339 777 1409 διατ.
799 1283 871 1406 ffoe
879 1363 1036 1439 eoncesso,
1049 1341 1235 1407 crediderim
1244 1340 1413 1429 lapicidam
1425 1341 1586 1441 sculpsisse
1598 1343 1749 1423 εἰωθέναι,

356 1427 545 1599 ξὲυὲῆοιοέιὲοε
555 1440 705 1504 versante,
718 1426 803 1513 quod
814 1440 912 1514 prsert,
924 1425 1138 1506 δεδηλωκέναι,
1149 1451 1223 1493 nam
1234 1426 1381 1493 Graeeum
1395 1451 1494 1516 megrs
1505 1443 1594 1494 sonet
1604 1429 1747 1511 εἰωθότα,

621 1670 942 1730 ANNOTATIONES
964 1671 1137 1731 CRITIOAE
1157 1673 1211 1730 ET
1230 1671 1481 1731 EXEGETICAE.

405 1791 451 1851 13.
467 1785 661 1876 Ἀποδοχῆς.
677 1790 805 1866 Laude,
820 1794 1028 1855 veneratione.
1073 1790 1155 1857 citur
1171 1790 1205 1854 in
1220 1801 1400 1856 commeutt.
1416 1813 1459 1854 ex
1474 1787 1585 1877 Polyb.
1603 1790 1694 1853 Hirr.
1710 1810 1747 1854 11.

357 1893 545 1959 Notissimus
563 1907 610 1960 est
626 1893 713 1960 locus
731 1894 766 1959 in
780 1899 888 1980 Epist.
905 1899 950 1960 ad
971 1898 1029 1962 Ti·
1072 1900 1150 1976 56.;
1177 1897 1280 1963 Laert.
1310 1918 1340 1960 v.
1369 1898 1446 1972 64.;
1480 1894 1608 1982 Joseph.
1633 1895 1746 1982 Antiq‘.

357 2003 451 2065 moth.
483 2021 505 2064 1.
538 2005 564 2064 l.
593 2004 641 2065 15.
672 2005 785 2079 πιστὸς
809 2006 828 2068 ὁ
849 2001 954 2089 λόγος
979 2008 1028 2069 καὶ
1072 2003 1151 2069 Jud.
1168 2021 1212 2066 vr
1234 2006 1281 2065 14.
1295 2005 1324 2065 4.
1370 1999 1592 2089 Saepenumero
1616 2017 1747 2089 usurpat

356 2111 462 2186 πάσης
478 2105 644 2195 ἀποδοχῆς
655 2105 757 2184 ἄξιος,
772 2107 983 2194 repetitusque
994 2106 1029 2171 in
1077 2104 1250 2171 Diodorus:
1265 2119 1370 2172 nostre
1380 2107 1573 2173 illustrentur
1586 2109 1745 2197 praecipue

358 2237 425 2301 cap.
438 2217 467 2277 4.
483 2218 513 2282 9.
544 2212 712 2280 Uberrima
725 2213 892 2280 illustratio
906 2213 1027 2303 eonspi-
1071 2236 1114 2279 ex
1129 2233 1173 2278 1v.
1185 2218 1237 2278 51.
1253 2238 1283 2302 p.
1300 2218 1358 2278 148
1375 2213 1501 2302 Bipont.
