3818 5094
437 477 456 535 8
825 460 1071 528 PRAEFATIO
1093 461 1159 526 AD
1182 455 1442 526 LECTOREM.

438 645 609 742 legesque
634 653 732 714 certa
749 638 905 735 quadam
922 637 1060 711 ratione
1077 635 1266 708 illustrant.
1317 633 1515 726 Nusquam,
1533 639 1575 700 ut
1595 625 1640 699 de
1659 625 1833 723 singulari

440 765 566 848 dicam,
595 764 633 834 in
659 772 891 834 monumenta
908 757 1021 831 incidi
1038 755 1143 852 quale
1172 767 1249 828 erat
1265 749 1466 826 Phanodici
1482 746 1574 822 illud
1593 745 1835 820 decantatissi-

441 909 550 967 mum,
563 879 661 977 quod
673 879 886 956 Chishullus
900 879 996 964 olim,
1009 877 1310 971 recentioresque,
1322 872 1453 947 Rosius
1471 882 1508 943 et
1518 865 1735 952 Boeckhius,
1749 891 1833 940 cum

440 1029 569 1101 magna
586 1026 650 1074 sua
666 999 783 1087 laude,
801 999 839 1072 in
855 999 1041 1097 publicum
1060 1023 1166 1071 usum
1183 997 1407 1096 evulgarimt.

515 1125 702 1218 Nusquam
715 1117 925 1218 hujusmodi
938 1118 1062 1192 titulos
1079 1116 1273 1213 conspexi:
1300 1126 1337 1188 at
1353 1110 1499 1186 uberior
1517 1131 1618 1206 seges
1636 1109 1832 1182 etiamnum

441 1268 567 1318 eorum
585 1265 666 1337 quae
677 1238 723 1313 ad
735 1263 793 1310 res
811 1249 883 1310 tam
897 1236 1054 1334 privatas
1072 1257 1180 1329 quam
1198 1232 1361 1330 publicas
1374 1231 1618 1303 Romanorum
1636 1249 1719 1299 cum
1734 1227 1833 1302 Grae-

442 1363 494 1436 cis
505 1360 700 1456 permixtas
713 1357 876 1442 attinent,
891 1355 1011 1451 qualia
1028 1367 1111 1429 sunt
1131 1353 1388 1428 Conventuum
1401 1360 1489 1432 acta,
1506 1346 1833 1434 senatusconsulta,

442 1486 562 1569 Pacta,
581 1479 696 1554 Tituli
713 1479 930 1576 sepulcrales
948 1491 985 1552 et
1000 1475 1201 1562 honorifici,
1224 1475 1285 1549 alii
1309 1496 1410 1571 paene
1433 1467 1623 1551 innumeri,
1641 1477 1760 1550 restat,
1773 1468 1832 1562 ju·

441 1601 562 1674 cundo
580 1624 687 1673 sensu
703 1599 850 1672 viatoris
868 1599 981 1672 aciem
994 1598 1256 1698 praestringens.
1283 1595 1437 1670 Inhisce
1455 1611 1543 1674 mea,
1555 1601 1689 1682 quanta
1699 1601 1834 1684 quanta

444 1736 536 1808 sunt,
555 1732 744 1793 versantur
760 1748 767 1791 :

740 1833 897 1892 “Helladis
910 1833 956 1891 his
969 1833 1101 1910 equidem
1115 1853 1246 1892 occasum
1260 1835 1415 1910 tristesque
1429 1825 1531 1894 ruinas

765 1935 892 2004 Solebat,
907 1934 974 1991 fatis
988 1933 1131 1992 contraria
1144 1933 1203 1990 fata
1215 1935 1402 2010 rependens”

444 2059 524 2130 Hac
542 2059 646 2157 copia
662 2059 857 2130 instructus
868 2055 1038 2129 historica
1054 2055 1218 2155 pluribus
1235 2055 1274 2128 in
1286 2057 1375 2132 locis
1392 2062 1505 2160 tetigi,
1522 2086 1596 2135 non
1615 2063 1690 2134 sine
1701 2060 1832 2147 fructu,

443 2179 671 2275 speraverim,
698 2179 809 2251 immo
836 2178 1099 2250 oblectamento
1117 2177 1322 2276 legentium.
1377 2179 1653 2254 Commentariis
1674 2181 1833 2280 insuper,

444 2329 534 2397 quos
552 2302 685 2399 paravi,
703 2300 801 2374 varia
817 2299 996 2372 immiscui
1014 2297 1130 2372 critici
1148 2297 1380 2394 supellectihs
1407 2302 1537 2399 opibus
1553 2301 1667 2374 fretus
1689 2324 1778 2395 quas
1796 2301 1835 2372 in

444 2421 594 2495 schedas
611 2445 708 2494 meus
725 2417 909 2492 hincinde
926 2416 1098 2514 congessi.
1137 2417 1229 2489 Haec
1247 2427 1324 2489 tum
1341 2443 1389 2490 ex
1400 2419 1628 2493 Hellenismo
1644 2419 1834 2494 Sacrorum

443 2543 565 2640 petita,
584 2556 660 2615 tum
678 2539 926 2624 Ethnioorum,
944 2537 991 2610 ad
1008 2537 1181 2611 sermonis
1198 2538 1483 2614 enucleationem
1508 2538 1735 2636 quorundam
1754 2539 1835 2614 tiro

444 2665 540 2736 cinio
556 2661 746 2759 profutura
763 2683 844 2756 spes
862 2670 925 2731 est.

520 2780 690 2855 Bifarium
703 2778 767 2852 has
780 2777 1099 2852 commentationes
1112 2778 1265 2876 partitus
1279 2805 1366 2853 sum.
1409 2784 1499 2876 Quae
1518 2783 1730 2882 epigraphes
1741 2783 1836 2881 ipsas

445 2903 662 2978 comitantur
688 2900 726 2972 in
749 2899 819 2972 hoc
847 2898 983 2972 versari
1012 2901 1236 2997 apparebunt
1261 2913 1303 2974 ut
1325 2904 1449 2976 Variae
1471 2904 1663 2978 Lectiones
1692 2904 1836 3002 (messis

445 3029 592 3100 minime
609 3021 804 3098 insecundo
819 3023 858 3095 in
885 3046 993 3118 opere
1011 3023 1153 3098 lubrico
1180 3038 1218 3097 et
1244 3022 1505 3128 στοχαστικῲ)
1533 3053 1608 3104 uno
1630 3029 1732 3123 quasi
1755 3054 1838 3102 con·

447 3161 574 3244 spectu
600 3147 833 3218 innotescant.
888 3144 948 3218 Sic
964 3143 1109 3232 factum,
1137 3158 1179 3218 ut
1196 3146 1328 3219 eruditi
1351 3147 1514 3238 lectores,
1531 3174 1598 3247 pro
1616 3172 1653 3222 se
1671 3149 1835 3244 quisque,

444 3267 624 3364 judicium
647 3264 692 3338 de
716 3264 805 3337 locis
828 3287 930 3360 paene
955 3262 1112 3337 dixerim
1135 3265 1365 3339 conclamatis
1382 3267 1523 3342 faciant
1575 3268 1741 3342 Alteram
1761 3294 1839 3365 par·

448 3407 531 3478 tem,
549 3415 631 3486 quae
653 3386 700 3462 ad
723 3385 907 3459 materiam
924 3383 1177 3484 philologicam
1200 3399 1238 3459 et
1254 3385 1461 3462 historicam
1478 3387 1658 3486 inprimis
1681 3389 1839 3486 respicit,

449 3511 619 3586 clausulae
636 3508 754 3605 operis
772 3505 983 3604 subjeci(b).

524 3627 820 3704 Praefatiunculus
844 3625 969 3700 curavi
986 3625 1264 3722 anteponendas,
1282 3641 1324 3701 ut
1345 3627 1500 3700 monitos
1517 3625 1669 3700 habeam
1686 3628 1839 3702 lectores

451 3753 496 3826 de
515 3750 735 3848 singularum
752 3747 898 3820 urbium
920 3746 1029 3819 rebus
1045 3747 1165 3844 gestis,
1184 3747 1331 3844 origine,
1349 3747 1520 3845 vestigiis,
1538 3771 1618 3843 quae
1635 3747 1708 3822 huo
1725 3773 1840 3844 usque

452 3875 592 3958 durant,
610 3871 737 3944 nitoris
754 3869 903 3964 antiqui,
920 3867 1053 3941 limites
1070 3868 1165 3942 intra
1181 3893 1289 3964 quum
1306 3868 1536 3942 brevissimos
1555 3868 1674 3942 omnia
1691 3893 1772 3965 quae
1789 3871 1842 3944 lu·

452 4019 536 4066 men
557 3991 672 4065 titulis
700 3990 907 4090 singillatim
935 3990 1086 4063 allatura
1098 3990 1261 4086 judicavi
1288 3990 1508 4088 complexus.
1560 3991 1648 4076 Has,
1676 4014 1843 4090 magnam

494 4178 536 4256 (b)
550 4178 628 4246 Haeo,
643 4185 673 4236 et
692 4195 756 4253 que
769 4177 800 4234 in
813 4195 876 4254 pag.
888 4180 914 4242 9.
929 4195 975 4233 vv.
987 4173 1014 4239 7.
1025 4194 1061 4234 as.
1076 4175 1126 4234 ob-
1170 4175 1251 4234 niora
1265 4175 1391 4244 edoctus,
1407 4172 1578 4232 sententiam
1592 4171 1752 4242 immutavi,
1765 4183 1794 4230 et
1807 4183 1844 4236 ut

455 4280 502 4336 via
523 4286 601 4346 sunt,
626 4276 753 4351 corrigas
776 4275 872 4344 velim,
894 4276 997 4332 Amice
1015 4275 1127 4332 Lector.
1172 4273 1270 4332 Variis
1284 4273 1471 4331 Lectionibus
1485 4270 1687 4346 subjiciantur,
1703 4274 1810 4330 curavi.

458 4380 503 4437 De
520 4375 619 4434 ordine
637 4384 773 4433 notarum
791 4375 870 4434 oritt
885 4383 915 4434 et
932 4383 1066 4451 exegett,
1086 4391 1129 4430 sa·
