3788 5092
803 429 1153 499 INSCRIPTIONES
1176 429 1367 498 GRAECAE.
1526 434 1648 515 [meon.
1665 451 1788 495 xxvm.

640 607 780 695 παντὸς
800 609 840 690 δὲ
859 619 996 712 λοιμοῦ
1015 612 1076 690 καὶ
1096 618 1211 690 κακοῦ
1230 609 1480 709 πεπαυμένον.

651 847 974 908 ANNOTATIONES
995 847 1169 907 CRITICAE
1189 847 1243 905 ET
1263 847 1517 906 EXEGETICAE.

390 983 463 1025 nem
473 959 601 1039 redolet,
611 962 760 1028 nedicem
769 963 913 1050 periodos
921 962 1065 1028 metricas
1152 960 1288 1046 Reliqua
1297 961 1469 1027 dictionem
1480 961 1636 1049 poeticam
1651 962 1789 1048 sepiunt.

392 1070 517 1154 σωτῖιρᾶ
530 1098 592 1155 μου
603 1120 610 1133 .
622 1120 629 1133 .
641 1121 647 1135 .
659 1077 884 1158 πεπαυμένον.
928 1069 1065 1137 Tentevi
1111 1069 1223 1153 Σωτὴρ
1231 1065 1312 1130 illud
1319 1087 1498 1152 competere
1507 1063 1605 1151 poesie
1613 1064 1790 1130 cumPind.

390 1171 464 1236 ideo
480 1171 636 1238 trimetros
651 1173 757 1260 quales
772 1175 862 1262 posui
881 1197 983 1262 cupre,
999 1197 1065 1240 om·
1110 1174 1212 1259 Pytt.
1228 1192 1251 1235 1.
1275 1175 1345 1238 109.
1389 1168 1508 1255 Ἱέρωνι
1539 1168 1612 1246 θεὸς
1642 1167 1791 1256 ὀρθωτὴρ

392 1275 516 1362 niaque,
532 1289 678 1363 portento
692 1277 747 1342 illo
768 1283 912 1366 ποταμὸν
934 1278 1065 1355 sublate,
1110 1279 1211 1354 πέλοι,
1226 1276 1291 1343 scii
1308 1280 1410 1362 ἰατὴρ,
1426 1277 1545 1362 ὑγιείας
1559 1274 1668 1351 αἴτιος.
1702 1272 1791 1338 Dein

392 1383 560 1448 convenire
574 1382 712 1450 invenio.
1109 1383 1319 1465 πεπαυμένον,
1341 1377 1403 1442 hoc
1425 1388 1481 1453 est,
1504 1381 1566 1460 μοῦ
1588 1380 1791 1461 πεπαυμένον

436 1487 587 1554 Restabat
614 1512 688 1554 vero
717 1488 860 1578 inprimis
893 1488 1066 1576 scrupulus,
1111 1489 1171 1567 (ἐκ)
1186 1488 1308 1561 παντὸς
1322 1482 1446 1568 λοιμοῦ.
1471 1478 1525 1547 Sic
1539 1479 1573 1544 in
1583 1481 1791 1545 Troad.526.

393 1591 489 1676 idque
519 1591 553 1655 in
582 1615 675 1658 versu
708 1592 853 1671 secundo,
891 1616 986 1679 quem
1025 1617 1068 1659 ex
1110 1589 1159 1667 ἴτ’,
1175 1591 1200 1655 ὦ
1219 1592 1410 1674 πεπαυμένοι
1431 1589 1552 1655 πόνων.
1601 1588 1791 1672 ΟνιιμΙιοπε.

393 1695 564 1762 Arundelli
589 1700 774 1776 Ιιίπινονὶο,
798 1719 835 1764 11.
855 1721 886 1786 p.
906 1700 989 1775 406„
1014 1699 1065 1765 de·
1112 1699 1149 1778 (1.
1161 1696 1191 1757 3.
1203 1693 1237 1756 in
1252 1691 1327 1758 edit·
1339 1690 1453 1774 Beck.)
1467 1694 1525 1761 τὸν
1540 1691 1568 1760 δ’
1583 1693 1622 1759 οὗ
1638 1692 1790 1770 θανόντα,

393 1799 583 1888 scripseram,
595 1824 669 1866 oum
679 1815 779 1868 metro
791 1801 974 1889 ampliorem
985 1800 1070 1888 inju-
1112 1806 1162 1867 καὶ
1185 1803 1296 1868 πόνων
1318 1802 1529 1884 πεπαυμένον.
1571 1796 1663 1863 Alias
1679 1805 1746 1882 (ex.
1763 1823 1790 1864 c.

393 1905 472 1971 riom
488 1928 587 1993 pesse,
607 1911 639 1976 ἐκ
660 1911 782 1985 παντὸς
796 1908 920 1993 λοιμοῦ.
966 1907 1068 1996 Opor-
1112 1908 1204 1971 Med.
1216 1910 1268 1970 46.
1278 1906 1400 1968 Electr.
1414 1906 1519 1985 1108.)
1530 1902 1699 1969 adhibetur
1710 1927 1790 1992 prae-

393 2013 480 2077 tebat
501 2010 601 2099 igitur
625 2026 865 2079 monumentum
884 2013 997 2100 ipsum,
1017 2035 1068 2079 co·
1096 2011 1236 2102 'positia

393 2118 534 2183 lumnam
552 2141 667 2206 nempe
687 2119 721 2185 in
736 2119 855 2207 templo
869 2118 1070 2184 Mfihemme-
1156 2117 1264 2184 Primo
1282 2116 1476 2202 conjeceram
1496 2121 1709 2202 πεπαυμένος,
1725 2141 1789 2181 ces-

394 2223 476 2290 deno
496 2223 580 2312 apud
595 2224 702 2290 vicum
718 2226 888 2290 Boi-natet
903 2222 1068 2302 existente,
1112 2248 1185 2289 sare
1192 2226 1318 2310 scetus,
1328 2233 1464 2309 ereptus,
1476 2222 1716 2288 Arundellienis
1730 2223 1789 2288 mi-

393 2326 557 2414 inspioere.
601 2326 776 2406 Hoofecto,
789 2326 977 2413 conjecture
991 2351 1070 2394 mee
1112 2330 1198 2400 nime
1222 2329 1340 2406 fretue;
1367 2328 1422 2395 sed
1447 2326 1585 2415 lapidem
1607 2328 1791 2417 inspicienti

393 2433 471 2499 fides
486 2433 591 2499 stetim
606 2433 782 2512 accedebat,
791 2433 926 2500 lectione
940 2433 1068 2512 sincera,
1112 2436 1274 2504 constabat
1286 2433 1381 2501 lectio
1397 2457 1491 2522 quem
1507 2432 1590 2500 dedi.

394 2543 516 2618 παντὸς
530 2539 563 2608 δὲ
578 2540 703 2627 λοιμοῦ,
718 2540 880 2629 patefacta.
