3788 5092
393 472 451 534 194
810 460 1089 529 AUCTARIUM
1111 461 1351 528 NOTARUM.

387 651 419 704 et
431 639 467 703 in
482 636 630 704 Eokhelii
645 639 692 702 D.
702 638 746 700 N.
760 637 796 701 V.
812 655 848 699 11.
863 658 894 721 p.
904 636 987 710 ott,
1003 654 1053 698 111.
1066 657 1117 721 pp.
1132 639 1179 699 18.
1195 647 1253 700 etc.
1275 633 1376 700 Adire
1387 633 1462 701 licet
1472 657 1596 721 quoque
1605 636 1783 703 doctissimi

388 743 535 811 Boeckhii
550 745 642 828 Corp.
654 743 816 826 Inscriptt.
831 761 863 804 n.
880 739 980 815 1586.
996 750 1028 803 et
1043 761 1111 822 quae
1127 736 1306 804 aWienero
1320 737 1519 825 proferuntur
1533 739 1574 804 ad
1584 740 1631 806 tit.
1642 739 1671 804 F
1670 740 1783 808 ellow-

388 853 464 919 sian.
476 873 545 918 xxr.
558 857 587 918 2.
600 857 651 918 38.
661 851 695 918 in
704 850 758 916 vol
773 871 808 916 11.
819 874 849 938 p.
862 851 935 916 307.
945 849 1009 927 ubi,
1022 863 1058 914 ut
1072 850 1173 916 obiter
1187 863 1302 929 notem,
1317 852 1392 917 urbs
1400 851 1527 918 Pisidiae
1538 852 1628 918 innui
1643 853 1783 934 videtur,

388 983 457 1044 quae
471 973 503 1025 et
517 984 536 1024 a
549 959 654 1025 Plinio
668 970 797 1024 vocatur
812 956 944 1022 Colonia
959 957 1106 1024 Cesarea.
1150 956 1282 1023 Nummi
1295 957 1487 1046 imperatorii
1507 957 1661 1024 exhibent
1679 959 1785 1047 epigr.

390 1070 475 1130 COL
487 1112 495 1129 .
508 1070 613 1130 CAES
625 1109 632 1126 .
645 1068 891 1130 ANTIOCHIA
903 1067 976 1147 .(a),
992 1077 1025 1129 et
1038 1064 1078 1130 ab
1093 1063 1231 1151 Ulpiano
1246 1077 1434 1130 memoratur
1446 1065 1575 1130 Colonia
1587 1065 1785 1129 Antiochen-

388 1175 468 1236 sium
484 1176 516 1235 ia
532 1174 662 1236 Pisidia
666 1175 756 1256 juris
771 1172 940 1254 Italicilb).

452 1275 502 1341 De
516 1275 696 1343 Antiochiis
715 1276 886 1366 disputavit
906 1302 1030 1365 quoque
1053 1279 1181 1345 illustris
1197 1279 1406 1367 Spanhemius
1428 1278 1463 1344 in
1482 1278 1579 1345 Libro
1594 1277 1634 1344 de
1648 1277 1783 1344 Numis-

389 1382 531 1459 matibus‚
548 1385 689 1447 Discere.
705 1403 751 1448 rx.
767 1406 819 1471 pp.
829 1387 903 1448 585.
918 1407 956 1450 ss.

452 1488 619 1569 Quomodo
634 1512 708 1554 vero
719 1487 885 1554 solvendus
899 1501 946 1554 est
960 1489 1060 1553 nodus
1071 1489 1110 1554 de
1120 1487 1397 1576 Chrysorrhoatis?
1419 1489 1552 1555 Invenio
1562 1490 1596 1553 in
1605 1489 1782 1556 Ptolemaeo

387 1597 456 1677 (ati
468 1600 582 1680 supra)
594 1593 794 1660 Laodiceiam
809 1593 995 1682 appellatam
1011 1608 1043 1660 et
1053 1597 1223 1681 Diospolin
1233 1599 1321 1682 opud
1335 1598 1468 1682 Lycum,
1484 1595 1536 1662 vel
1547 1598 1684 1661 Rhoan:
1701 1596 1782 1662 hinc

386 1702 427 1767 ad
445 1703 683 1788 Chrysorrhoan
698 1701 797 1767 facilis
820 1714 868 1767 est
890 1701 1052 1780 transitus;
1074 1715 1107 1767 et
1128 1701 1230 1789 reipsa
1252 1702 1407 1768 cernimus
1430 1701 1464 1767 in
1486 1726 1615 1766 nummo
1638 1703 1781 1788 quodam

386 1808 652 1897 Hierapolitarum
675 1810 774 1898 epigr.
792 1817 1058 1886 ΧΡΥΣΟΡΟΑΟ,
1084 1809 1139 1896 qui
1162 1834 1225 1874 non
1249 1809 1328 1875 clius
1351 1832 1417 1874 esse
1435 1821 1537 1898 potest
1551 1831 1644 1894 quam
1659 1807 1780 1896 Lycus,

386 1913 600 2000 flumenquod
614 1913 726 2000 etipse
741 1911 848 1978 transii
863 1913 944 1978 inter
959 1913 1158 1979 Laodioeiam
1173 1927 1205 1980 et
1219 1913 1415 2002 Hierapolin.
1461 1912 1514 1980 Sic
1529 1937 1652 1999 quoque
1667 1912 1780 1978 Arun-

387 2020 543 2105 dellus(c),
558 2044 631 2086 cum
651 2044 713 2106 quo
728 2019 808 2085 conf.
824 2019 1067 2105 Eokhelium(d)
1082 2034 1114 2086 et
1128 2021 1313 2099 Rascheum,
1330 2021 1385 2110 qui
1404 2019 1531 2106 subjicit
1543 2019 1678 2085 noluisse
1693 2019 1781 2085 Har-

386 2127 519 2194 duinum
530 2128 708 2214 adjudicare
716 2128 802 2195 hunc
812 2153 976 2194 nummum
983 2129 1188 2218 Hierapolitis
1194 2130 1293 2220 Syriae
1304 2145 1335 2197 et
1345 2130 1565 2218 Chrysorrhoae
1572 2128 1780 2213 Damasei.(e)

386 2235 407 2299 J
409 2259 463 2300 ure
481 2235 645 2321 equidem3
667 2249 699 2301 et
714 2235 788 2302 hino
802 2235 904 2302 lucem
924 2235 1073 2302 affulsisse
1088 2237 1206 2303 dixerit
1220 2237 1341 2323 aliquis,
1357 2261 1420 2302 non
1434 2236 1520 2301 illam
1540 2259 1581 2300 ex
1601 2235 1679 2300 urbe
1695 2233 1778 2300 Pisi-

385 2343 463 2418 dica,
485 2366 553 2429 quae
576 2342 701 2431 longius
725 2341 868 2418 distabat,
893 2341 947 2407 sed
970 2365 1012 2408 ex
1037 2341 1164 2406 civitate
1187 2344 1276 2426 apud
1294 2343 1506 2416 Menandrum,
1531 2363 1599 2425 quae
1618 2337 1778 2426 designari

385 2460 505 2536 poterat
517 2465 666 2533 tanquam
681 2447 715 2511 in
730 2445 858 2533 regione
871 2444 1187 2534 Chrysorrhoatarum
1201 2444 1310 2533 posita,
1327 2469 1424 2531 quum
1439 2445 1513 2511 hinc
1524 2445 1670 2521 Hermus,
1686 2443 1777 2510 illinc

384 2551 572 2630 Maeandrus,
587 2552 706 2618 fluenta
731 2552 863 2619 aurifera
885 2552 1067 2640 receperint.
1112 2552 1190 2618 Erat
1209 2553 1400 2620 Antiocheia
1422 2576 1566 2640 expresse
1581 2551 1666 2617 dicta
1688 2557 1780 2638 apud

385 2661 609 2723 Menandrum:
633 2657 753 2724 Tralles
768 2681 902 2744 quoque,
918 2681 1014 2744 prope
1029 2656 1089 2722 hoc
1103 2656 1221 2722 flumen
1240 2657 1314 2734 sitae,
1331 2657 1553 2722 Antiocheiam
1574 2657 1776 2722 audiverant:

383 2765 464 2829 etin
478 2762 614 2829 nummis
624 2761 869 2851 Hierapolitanis
884 2761 1077 2850 epigraphen
1087 2761 1181 2828 video
1192 2785 1262 2848 quae
1269 2763 1457 2848 jamdudum
1473 2763 1680 2852 suspicionem
1691 2765 1777 2832 indi-

384 2869 497 2934 derunt
511 2865 700 2933 consortium
715 2865 872 2951 quoddam
887 2864 980 2930 fuisse
995 2863 1034 2929 iis
1048 2889 1121 2930 cum
1140 2866 1266 2932 nomine
1281 2867 1479 2934 Antiocheia.
1526 2869 1589 2935 Sed
1603 2894 1706 2957 neque
1721 2872 1777 2937 has

382 2997 484 3059 neque
499 2969 643 3036 Caricam
656 2970 766 3034 urbem
781 2969 955 3057 designatas
970 2968 1062 3034 video
1076 2969 1111 3036 in
1125 2969 1206 3036 libro
1219 2972 1428 3060 Pliniano(s)
1443 3001 1485 3042 ex
1501 2977 1724 3065 Chrysorrhoa.

446 3077 599 3144 ludicent
617 3077 656 3142 de
675 3075 724 3141 his
750 3076 871 3142 cunctis
894 3076 1086 3142 eruditiores.
1131 3077 1241 3144 Manet
1263 3081 1343 3146 mihi
1365 3083 1518 3149 sententia
1541 3085 1709 3170 quamdam
1732 3111 1776 3152 ex

384 3185 582 3253 Antiocheiis
600 3183 735 3273 Syriacis
748 3185 783 3249 in
798 3185 890 3252 titulo
905 3183 1022 3275 insigni
1037 3186 1230 3276 designatam
1245 3189 1359 3255 habere
1374 3189 1511 3256 lectores.

448 3294 487 3358 In
501 3293 564 3358 fine
579 3291 663 3356 tituli
678 3307 875 3358 recensentur
891 3291 1012 3376 (credo)
1028 3298 1058 3360 ol
1076 3300 1257 3388 crpcnryol,
1274 3319 1407 3381 quorum
1428 3321 1526 3361 unum
1541 3296 1635 3364 fuisse
1651 3299 1776 3388 Cepha-

384 3405 500 3470 lionem
511 3401 686 3468 luculenter
700 3425 743 3466 ex
756 3399 893 3466 nummis
907 3404 1089 3486 constath).
1136 3399 1287 3488 Supplevi
1301 3400 1399 3489 igitur
1409 3401 1443 3466 in
1455 3426 1484 3466 v.
1500 3409 1545 3468 13.
1564 3413 1776 3475 ΚΕΦΑΛΙΩ-

389 3519 491 3578 NOS.

449 3619 530 3682 Rem
545 3617 583 3682 de
600 3615 806 3704 Epulonibus,
821 3640 943 3682 necnon
958 3616 997 3682 de
1013 3617 1174 3684 Fratribus
1188 3617 1368 3695 Arvalibua
1388 3619 1540 3706 attingam
1560 3619 1594 3685 in
1609 3621 1774 3689 titulorum

387 3725 607 3790 additamento.

425 3896 469 3975 (c)
483 3900 549 3958 Vol.
561 3915 603 3956 un
618 3918 664 3974 pp.
681 3901 723 3956 18.
735 3918 756 3956 s.
771 3898 862 3956 Eokh.
1142 3900 1184 3980 (a)
1203 3901 1299 3960 Lexic.
1314 3921 1392 3978 supr.
1406 3901 1455 3960 cit
1468 3901 1524 3960 rol.
1537 3919 1568 3960 11.
1581 3922 1610 3980 p.
1620 3905 1687 3967 274.

426 3997 468 4076 (b)
483 4000 591 4076 Digest
607 4000 640 4058 L.
654 4001 697 4058 15.
713 3999 757 4058 De
768 4000 918 4058 Censibus.
1142 3999 1269 4077 (s)Lib.
1285 4019 1313 4057 v.
1329 4003 1375 4065 29.
1390 4004 1417 4060 3.
1430 3999 1456 4060 6.
1780 4061 1782 4064 ,

424 4097 464 4175 (c)
477 4099 545 4155 Vid.
564 4099 635 4157 Vicit
654 4107 678 4156 tc
700 4099 741 4156 tle
761 4098 851 4158 Seven
869 4098 1005 4158 Clearetae
1027 4100 1064 4174 cf
1140 4097 1185 4176 (p)
1198 4099 1316 4158 Eckhel
1331 4100 1387 4158 vol.
1404 4117 1433 4157 u.
1452 4119 1500 4177 pp.
1512 4099 1579 4160 463.
1593 4099 1669 4172 470.,
1691 4121 1731 4160 rv.
1746 4123 1774 4180 p.

388 4198 471 4262 Asia,
483 4215 509 4271 p.
520 4199 587 4260 227.
1106 4200 1168 4262 193.

426 4293 471 4372 (d)
485 4294 550 4351 Vol.
564 4311 605 4351 111.
620 4313 646 4370 p.
661 4297 723 4355 155.
