3818 5094
770 459 1119 528 INSORIPTIONES
1141 459 1332 529 GRAECAE.
1545 465 1667 548 [rusca.
1685 481 1753 528 xrs.

359 652 383 716 5
555 635 820 741 ἐπεμβάλλειν·
843 644 874 718 εἰ
895 635 1004 740 δὲμὴ
1026 638 1139 720 δώσει
1158 643 1203 746 τῇ
1224 638 1472 747 λαμπροτάτῃ

664 779 911 879 θυατειρηνῶν
929 771 1040 855 πόλει
1056 831 1492 855 ..............

857 1003 999 1061 VARIAE
1020 1003 1254 1062 LECTIONES.

359 1143 428 1185 cere
442 1121 525 1186 inter
538 1120 651 1186 rudera
665 1119 821 1198 existimo,
837 1123 927 1208 cujus
942 1145 1048 1188 sensus
1068 1147 1086 1188 a
1102 1122 1309 1189 schleusnero
1323 1135 1356 1188 et
1370 1121 1547 1188 Wetstenio
1562 1121 1602 1187 ad
1618 1120 1711 1186 Rom.
1729 1141 1751 1184 1.

360 1211 411 1271 30.
426 1207 544 1294 optime
564 1206 753 1272 enucleatur.
798 1207 884 1272 Dein
961 1223 1080 1274 uuntur
1098 1209 1232 1296 vestigia
1246 1209 1385 1296 quinque
1400 1208 1460 1274 litt.
1475 1221 1598 1273 tantum
1617 1231 1684 1272 non
1698 1206 1753 1272 de-

359 1292 511 1357 letarum:
538 1292 654 1358 exinde
679 1301 783 1370 OMA,
807 1293 859 1358 cui
879 1231 1021 1380 qdiddarn
1044 1295 1253 1381 subjiciuntur
1276 1295 1334 1360 vix
1355 1293 1569 1382 intelligenda.
1614 1292 1752 1359 Restitui

360 1383 502 1462 ὀνόμασι,
527 1393 563 1444 ut
584 1401 694 1444 vocem
720 1403 808 1444 suam
830 1383 1004 1444 nominibus
1027 1405 1087 1446 usu
1125 1383 1220 1446 abant
1239 1380 1383 1446 Romani.
1427 1379 1573 1468 Anglice,
1597 1403 1637 1444 on
1661 1380 1752 1444 other

355 1469 506 1551 prounde,
529 1488 566 1530 or
580 1469 844 1550 precamen-(5.
882 1466 988 1532 Voces
1011 1471 1084 1553 ἐπεμ
1115 1469 1216 1544 ἄλλω,
1237 1467 1444 1556 καταβάλλω,
1464 1465 1636 1532 secundum
1661 1487 1754 1530 rasum

358 1551 511 1616 forensem
526 1550 665 1639 explicui
680 1551 714 1616 in
729 1550 819 1628 notis,
840 1575 913 1617 nam
928 1553 968 1618 de
982 1552 1037 1618 lite
1052 1553 1187 1640 quadam
1224 1578 1272 1618 uae
1286 1553 1426 1618 Aureliae
1442 1575 1514 1618 cum
1529 1551 1640 1616 Attico
1655 1551 1753 1617 inter·

359 1651 491 1703 cesserat
504 1637 699 1725 interpretor.
736 1637 822 1702 Dein
835 1653 1008 1724 sequuntur
1022 1639 1056 1703 in
1071 1577 1251 1727 apograplso
1266 1645 1290 1707 al
1303 1639 1335 1708 δὲ
1350 1643 1392 1725 μὴ
1407 1639 1438 1718 ἢ,
1454 1661 1588 1724 quorum
1601 1637 1753 1702 ultimum

358 1737 475 1789 temere
490 1723 612 1790 illatum
623 1722 742 1808 judico.
787 1722 866 1789 Haee
881 1723 1047 1812 excipiunt
1063 1735 1210 1803 ΔΕΕΠΙ,
1226 1725 1311 1792 unde
1330 1724 1398 1791 erui
1412 1725 1514 1802 δώσει,
1533 1738 1571 1789 ut
1583 1723 1619 1787 in
1633 1744 1689 1787 xv.
1705 1725 1754 1801 6.;

360 1831 428 1874 nvn
444 1815 473 1875 8.
489 1809 560 1874 infr.
595 1809 660 1874 Sed
674 1809 744 1896 quis
755 1823 821 1874 erat
831 1810 983 1876 danaus?
1020 1811 1168 1901 Intelligo
1183 1812 1338 1890 Atticum,
1353 1811 1449 1897 idque
1464 1811 1530 1876 sive
1544 1809 1671 1875 mulctae
1687 1810 1754 1874 sive

359 1895 566 1961 satisdationis
581 1919 681 1960 causa.

425 1982 542 2048 Deerat
555 1981 676 2067 reliqua
690 2003 760 2068 pars
776 1980 920 2068 daparlou
937 2006 1006 2068 quae
1021 2007 1175 2049 summam
1186 1983 1221 2048 in
1235 1983 1378 2049 aerarium
1392 1981 1586 2048 inferendam
1601 1981 1755 2047 definive-

358 2082 422 2133 rat:
444 2069 498 2133 sed
513 2067 593 2133 conf.
610 2067 681 2131 infr.
698 2087 752 2130 xv.
766 2069 795 2135 7.

425 2161 442 2194 “
459 2153 619 2219 Monitum
635 2153 708 2218 volo
722 2152 870 2218 lectorem
884 2177 936 2220 me
950 2154 1093 2220 bifariam
1107 2154 1248 2220 divisisse
1263 2177 1369 2221 versus
1383 2154 1514 2241 hujusce
1528 2151 1752 2241 inscriptionis,

359 2241 455 2326 idque
469 2255 597 2328 propter
610 2237 772 2305 incidendi
783 2239 926 2305 rationes.
957 2239 1073 2306 Curam
1088 2265 1163 2306 vero
1177 2240 1273 2308 habui
1289 2254 1326 2306 ut
1339 2241 1493 2306 elementa
1507 2239 1645 2305 invicem
1661 2265 1752 2306 accu-

357 2341 422 2394 rate
437 2326 644 2414 respondeant
658 2325 691 2389 in
707 2325 869 2391 ordinibus
884 2339 949 2391 tam
962 2325 1144 2414 imparibus,
1164 2333 1189 2404 l,
1202 2333 1231 2404 3,
1243 2334 1274 2404 5,
1289 2351 1383 2414 quam
1398 2325 1524 2416 paribus
1540 2330 1569 2402 2,
1581 2331 1611 2402 4,
1624 2327 1654 2389 6.

624 2539 946 2600 ANNOTATIONES
967 2543 1141 2603 CRITICAE
1161 2545 1214 2602 ΕΤ
1234 2544 1484 2603 EXEGETICAE.

358 2662 429 2726 lust.
452 2663 580 2750 Fraqm.
593 2682 637 2726 rv.
653 2685 683 2749 p.
693 2667 784 2740 408.;
800 2660 902 2727 Tacit.
914 2663 1031 2729 Annal.
1076 2665 1240 2754 sepulcrali
1264 2670 1392 2753 iry'r'cere
1415 2665 1497 2730 inter
1518 2663 1679 2729 Romanos
1705 2687 1752 2729 so-

360 2767 1032 2848 1v.11.71.;etinventorinAEn.11.164.;
1075 2772 1189 2849 lenne;
1211 2771 1295 2837 utin
1310 2774 1390 2836 AEn.
1405 2792 1451 2836 vr.
1467 2772 1540 2835 366.
1585 2772 1752 2856 Impouere

360 2899 472 2963 nempe
475 2877 616 2963 stupidi,
630 2876 768 2950 sceleris,
784 2885 842 2937 etc.
857 2872 964 2952 imm0,
980 2904 1032 2943 κα·
1076 2902 1210 2964 quoque,
1225 2877 1306 2943 utin
1329 2879 1458 2942 Tuaescl.
1470 2898 1493 2941 1.
1505 2881 1557 2941 35.
1582 2877 1750 2940 Metellum

359 2989 428 3058 xlae
442 2984 567 3070 εὑρετὴς
581 2979 616 3044 in
633 2981 782 3044 Maneat.
798 3000 834 3043 11.
853 2981 946 3047 tal.
1077 2988 1156 3048 enim
1181 2985 1274 3048 multi
1275 2986 1359 3070 filii,
1360 2987 1455 3072 filice,
1477 2995 1613 3070 nepotes,
1633 2996 1751 3070 neptes,

403 3085 481 3150 Vox
495 3097 600 3150 nostra
619 3097 665 3149 est
678 3088 710 3152 ἐκ
723 3089 787 3151 τῶν
803 3082 889 3160 ἅπαξ
903 3085 1033 3172 λεγομέ-
1077 3091 1234 3176 inrepunt
1250 3094 1472 3176 imposuerunt.
1514 3089 1649 3177 Propius
1663 3115 1751 3156 acoe-

361 3221 427 3259 νων
440 3191 474 3254 in
485 3188 566 3254 Nov.
577 3189 663 3254 Test.
675 3187 753 3254 Vid.
763 3190 871 3275 Epist.
883 3191 928 3254 ad
938 3191 1033 3254 Rom.
1077 3192 1126 3258 dit
1140 3194 1276 3260 Ovidius
1294 3195 1329 3260 in
1345 3198 1657 3262 Heroidd.x1.123.
1702 3199 1751 3261 Et

361 3319 383 3362 1.
400 3302 450 3361 30.
466 3309 499 3361 et
513 3295 666 3361 Wetsten.
680 3315 716 3358 11.
732 3318 762 3383 p.
776 3298 827 3363 29.
1076 3299 1163 3384 refer
1178 3301 1223 3364 ad
1240 3310 1381 3377 matrem,
1396 3303 1539 3386 socioque
1558 3304 1679 3385 impone
1703 3324 1751 3362 se·

402 3410 433 3468 5.
447 3401 697 3490 Ἐπεμβάλλειν.
724 3399 839 3467 Sensus
852 3399 1034 3466 manifestus
1070 3407 1193 3491 pulcro.
1219 3403 1282 3471 Sed
1293 3404 1438 3470 usitatius
1453 3415 1519 3470 erat
1533 3405 1684 3468 condere:
1701 3429 1750 3491 op.

359 3522 406 3573 est
420 3531 462 3573 ex
477 3506 619 3594 pluribus
633 3505 749 3572 titulis:
764 3529 816 3572 ex.
828 3531 854 3572 c.
867 3505 939 3571 infr.
950 3527 1032 3572 xvrr.
1076 3510 1157 3573 AEn.
1169 3529 1213 3572 vn
1234 3512 1321 3586 152.;
1344 3507 1440 3574 Ovid.
1458 3510 1593 3573 Metam.
1606 3528 1664 3572 vn.
1678 3511 1751 3575 618.

361 3617 390 3677 8.
406 3611 582 3700 ἐπεμβάλῃ,
596 3614 767 3698 sepelierit.
812 3611 885 3677 Pari
900 3611 1033 3679 formula
