3818 5094
403 440 446 504 90
820 432 1172 503 INSGRIPTIONES
1195 433 1387 502 GRAECAE.
1613 434 1737 515 [insen.
1755 453 1811 495 xx.

772 646 812 697 oe
832 611 1099 718 ἀρτεμιδῶρου,
1118 615 1179 693 καὶ
1199 612 1392 693 διονυσίου

408 757 454 822 15
738 741 944 849 δημητρίου
963 751 1031 825 τοῦ
1051 738 1216 844 ἀμύντου
1234 804 1459 823 ........

904 970 1048 1030 VARIAE
1069 969 1304 1031 LEOTIONES.

406 1085 512 1174 prium
525 1087 578 1156 vel
592 1087 745 1176 κεφιλεὺς
759 1085 811 1154 vel
826 1089 982 1177 κεφαλῶν,
993 1089 1160 1156 indicatus.
1204 1090 1278 1157 Hoc
1288 1104 1442 1158 memorat
1455 1089 1589 1177 Dionys.
1606 1087 1714 1154 Helie.
1730 1109 1753 1153 1.
1770 1112 1813 1154 sc.

406 1173 541 1254 auctoris
554 1179 619 1243 τῶν
632 1179 785 1261 epulatio,
792 1173 852 1324 pei
863 1187 930 1240 erat
944 1173 1149 1263 Gergythius,
1167 1175 1268 1244 Strab.
1284 1198 1358 1244 ¹111.
1374 1179 1531 1257 1,-(15.)
1558 1180 1637 1238 1⁸11.
1653 1174 1689 1238 in
1702 1197 1813 1262 apogr.

408 1266 574 1328 ΜΗΤΝΟ.
597 1260 781 1326 Probatiora
814 1259 877 1327 edi.
899 1261 940 1326 In
953 1260 1093 1328 clausula
1106 1261 1158 1330 vel
1173 1261 1291 1330 decreti
1306 1264 1358 1330 vel
1372 1260 1560 1352 epigraphes
1574 1259 1814 1346 conjiciendum

407 1349 565 1430 ἐτίμησαν,
581 1358 636 1412 aut
650 1345 729 1433 quid
742 1343 854 1411 simile.
1277 1383 1280 1390 ·

671 1537 995 1599 ANNOTATIONES
1016 1539 1192 1602 CRITICAE
1213 1544 1266 1603 ET
1287 1541 1542 1602 EXEGETICAE.

409 1649 529 1739 optime
543 1652 693 1720 convenit
701 1654 904 1743 appellationi
915 1662 949 1725 ἐν
963 1664 1009 1746 τῷ
1022 1665 1087 1728 τῶν
1130 1663 1326 1730 Damascena
1344 1661 1488 1740 inditam,
1513 1658 1610 1746 idque
1635 1659 1814 1726 secundum

410 1757 676 1846 χρυσορῥοᾶτων,
690 1782 764 1826 nam
774 1759 1013 1848 Chrysorrhoas,
1027 1761 1087 1827 flu·
1130 1791 1256 1836 cursum
1266 1767 1404 1846 Orontis,
1420 1766 1510 1853 eujus
1520 1766 1623 1831 fontes
1637 1763 1672 1828 in
1685 1764 1814 1832 Libano

408 1885 483 1929 men
520 1857 726 1944 notissimum,
765 1865 856 1932 alluit
887 1867 1087 1945 Damascum,
1131 1875 1183 1940 siti
1198 1874 1238 1942 ad
1253 1887 1368 1942 terram
1383 1869 1704 1962 Chrysorrhoetarum
1718 1870 1813 1938 deor-

409 1970 495 2036 unde
513 1983 546 2037 et
559 1969 671 2036 incolas
692 1971 839 2060 regionis,
859 1984 896 2037 ut
911 1972 1088 2040 verosimile
1130 2003 1201 2047 sum
1215 1992 1360 2070 vergunt.

409 2087 465 2154 est,
477 2075 734 2164 Chrysorrhoatoe
749 2076 827 2144 dieti
841 2091 924 2145 sunt.
962 2077 1086 2147 Libano
1173 2085 1267 2150 Hanc
1291 2084 1375 2150 inter
1402 2094 1435 2148 et
1459 2081 1611 2148 Edessam
1632 2081 1726 2164 (Ant.
1749 2079 1812 2146 Os·

409 2206 535 2270 quoque
549 2183 690 2269 subjecta
703 2196 751 2251 est
764 2183 861 2272 regio.
1128 2190 1252 2272 rho‘e'n.)
1258 2187 1383 2275 judicet
1391 2187 1506 2254 Lector
1516 2187 1675 2264 eruditum
1691 2183 1813 2272 capiat-

452 2289 530 2354 Ant.
537 2287 718 2368 Orontem,
731 2289 797 2356 sive
810 2295 859 2358 ἐπὶ
872 2288 985 2380 δάφνῃ,
997 2313 1084 2379 epec-
1128 2320 1191 2383 que
1206 2307 1427 2384 argumentum
1440 2317 1484 2360 ex
1498 2293 1554 2360 illo
1569 2293 1655 2380 quod
1668 2291 1812 2380 Spartia-

409 2408 456 2462 tat
472 2409 563 2461 tenor
580 2395 746 2462 histosious
765 2395 800 2460 in
815 2394 929 2472 Dione,
948 2395 1094 2484 Spartia·
1128 2423 1188 2466 nus
1204 2399 1244 2465 de
1258 2399 1362 2487 priore
1384 2410 1546 2476 memorat,
1561 2420 1676 2485 nempe
1691 2399 1813 2463 Antio·

409 2523 523 2586 noque.
569 2500 634 2568 Sed
662 2499 845 2589 scrupulum
873 2500 978 2587 injicit
1006 2500 1088 2567 illud
1130 2507 1256 2568 clemen
1270 2505 1341 2568 odio
1353 2505 1501 2568 habenae
1510 2504 1729 2567 Hadrianum.
1755 2501 1811 2566 In-

410 2597 450 2673 de
462 2607 718 2696 Chrysorrhoatis
728 2606 859 2674 dictum.
904 2607 989 2674 Urbe
1004 2620 1087 2674 certe
1130 2607 1220 2696 signe
1245 2606 1394 2694 equidem
1408 2607 1633 2674 documentum
1656 2630 1731 2674 eum
1752 2608 1811 2673 ali-

409 2723 477 2775 erat
500 2709 650 2776 illustris:
673 2712 887 2778 Romanarum
914 2735 1020 2778 rerum
1053 2712 1088 2778 in
1131 2714 1258 2800 quando
1286 2714 1505 2804 magistratum
1533 2713 1580 2779 ibi
1608 2713 1809 2780 exercuisse!

412 2816 505 2904 Syria
527 2829 642 2905 caput:
667 2819 725 2884 ubi
743 2819 896 2883 Praetores
919 2817 1087 2884 convenie·
1130 2821 1208 2888 Vid.
1225 2820 1358 2887 Casaub.
1373 2820 1408 2884 in
1421 2818 1480 2887 loc.
1495 2844 1527 2908 p.
1540 2821 1569 2888 7.
1584 2843 1616 2884 v.
1631 2823 1681 2884 13.

410 2924 496 3000 bant,
521 2924 736 3002 Proconsules,
761 2924 989 3011 Imperatores:
1011 2921 1087 2990 hinc
1174 2922 1303 2989 Ceteros
1322 2921 1584 3010 Chrysorrhoatas
1604 2921 1644 3005 (si
1665 2920 1722 3007 qui
1740 2920 1810 2988 fue·

411 3027 537 3118 ὶέόχως
551 3028 636 3095 dicta
649 3030 831 3118 Ἀντιοχεία
853 3039 909 3107 τῆς
926 3036 1047 3117 Συρίας
1070 3051 1089 3093 a
1130 3027 1209 3112 rint)
1224 3027 1333 3093 missos
1346 3027 1436 3105 facio,
1452 3039 1562 3116 utpote
1582 3025 1623 3093 ad
1639 3049 1708 3093 rem
1727 3027 1811 3092 nihil

412 3134 577 3223 Slgnati0
587 3134 832 3221 inEpistolnad
844 3136 1031 3222 Smyrnoeos,
1041 3152 1087 3198 x1.
1131 3135 1348 3223 pertinentes:
1374 3157 1496 3222 nempe,
1523 3133 1608 3221 apud
1630 3132 1808 3211 Pactolum,

412 3241 555 3308 Fortasse
579 3241 649 3328 quis
669 3239 789 3307 dixerit
811 3264 937 3328 quoque
960 3238 1001 3305 ad
1018 3261 1088 3305 eam
1132 3239 1215 3305 Plin.
1235 3259 1267 3303 v.
1286 3243 1339 3303 30.
1354 3243 1399 3316 1.;
1426 3236 1572 3315 Gendon‚
1597 3239 1673 3302 ibid.
1690 3241 1742 3302 43.
1765 3243 1809 3314 1.;

413 3343 598 3434 pertinuisse
628 3346 870 3436 appellationem
894 3370 937 3414 ex
960 3346 1089 3434 regione
1131 3343 1272 3410 Amnem
1287 3340 1392 3420 Ponti,
1408 3341 1442 3406 in
1458 3361 1502 3406 vi.
1516 3345 1545 3404 4.
1556 3341 1586 3405 6.
1602 3353 1661 3407 etc.
