3818 5094
819 442 1167 513 INSCRIPTIONES
1189 445 1379 516 GRAEO'AE.
1613 453 1733 535 [rusca.
1749 474 1792 518 vr.

954 685 962 702 ·
983 626 1069 732 ηνίᾳ
1086 625 1214 734 tillo

951 756 1095 859 μνήμης
1115 757 1221 840 ἀενά-

952 925 997 971 ου
1014 887 1136 997 χᾶριν,
1158 899 1193 974 οἱ

949 1026 1078 1108 παῖδες
1097 1029 1210 1130 σφῶν

953 1149 996 1234 τὸ
1016 1154 1149 1257 ἡρῶον.

796 1350 1027 1455 ἀρτεμίδωρα
1044 1352 1286 1450 πλουτίωνος,

800 1541 808 1558 .
829 1478 923 1584 γυνὴ
944 1484 1246 1589 δεωνδουπορέως
1263 1484 1427 1591 χρηστή,

1020 1651 1139 1722 χαιρε.

899 1848 1041 1908 VARIAE
1062 1846 1295 1908 LECTIONES.

407 1973 545 2034 ΦΗΝΙΑ
562 1971 624 2065 (cp.
635 1965 700 2032 Tit.
715 1965 832 2052 Ephes.
845 1985 894 2028 111.
910 1968 973 2046 11.)
989 1963 1040 2029 vel
1056 1973 1199 2031 MHNIA
1217 1969 1279 2051 (cp.
1296 1961 1406 2027 Horat.
1427 1964 1498 2027 Sat.
1510 1984 1532 2028 1.
1545 1969 1574 2029 3.
1590 1970 1657 2051 21.)
1702 1969 1793 2036 Galla

404 2050 522 2150 ubique
538 2055 647 2118 obvia:
668 2053 783 2118 Juven.
800 2073 821 2114 1.
839 2055 906 2115 125.
927 2050 1043 2138 pluries
1054 2050 1217 2116 Martialis.
1263 2050 1321 2131 (6.)
1345 2049 1396 2112 En
1411 2047 1553 2136 lapicidae
1569 2067 1623 2118 aut
1636 2053 1791 2122 iriscitiam

405 2151 459 2201 aut
470 2138 643 2204 1ncuriaml
688 2136 855 2224 Insculpsit
870 2136 955 2222 quod
970 2136 1042 2201 dedi
1056 2163 1063 2211 ;
1086 2136 1219 2203 debebat
1234 2131 1540 2221 natnlttdtoelt.
1580 2139 1707 2226 Species
1721 2143 1790 2208 lite.

407 2247 520 2300 rarum,
536 2224 642 2304 hinet
658 2225 733 2289 inde
746 2233 813 2300 (X),
830 2223 863 2287 in
878 2247 1012 2287 errorem
1027 2221 1192 2288 ducebant.
1238 2231 1297 2307 (8.)
1321 2225 1399 2290 Haec
1414 2226 1448 2289 in
1463 2226 1556 2290 domo
1571 2225 1674 2292 Graeci
1689 2229 1791 2315 cujus-

405 2308 477 2374 dam
503 2334 546 2375 ex
567 2333 719 2375 marmore
744 2308 908 2396 sepulcrali
932 2308 1088 2396 descripsi.
1144 2309 1268 2396 Figurae
1294 2313 1453 2388 extabant,
1469 2327 1533 2377 arte
1548 2311 1789 2400 haudquaquam

405 2394 555 2460 mediocri
575 2396 711 2484 sculptae.
759 2394 910 2482 Supplevi
926 2418 968 2458 ex
982 2394 1030 2459 tit.
1056 2394 1180 2482 Smyrn.
1200 2395 1260 2459 viz.
1280 2417 1373 2460 xxrx.
1393 2396 1464 2461 infr.
1509 2402 1566 2482 (9.)
1590 2397 1640 2462 De
1665 2403 1791 2466 nomine

404 2481 541 2546 incertus
561 2505 639 2546 sum.
684 2483 824 2546 Fortasse
848 2495 914 2546 erat
935 2481 1088 2557 λεώνδας,
1105 2479 1221 2563 (idest,
1237 2481 1417 2566 λεωνίδας,)
1431 2496 1468 2548 ut
1490 2485 1716 2569 ἐπαμινώνδας,
1729 2516 1789 2586 χα-

404 2567 541 2653 ρώνδας,
565 2598 607 2636 πα
633 2566 736 2644 duduc
750 2567 784 2631 in
800 2568 931 2632 Pausan.
947 2587 977 2630 v.
994 2571 1023 2631 8.
1041 2571 1069 2632 2.
1085 2583 1143 2631 etc.
1188 2567 1272 2632 Dein
1293 2574 1416 2657 πορίως
1438 2593 1457 2634 a
1477 2584 1561 2635 recto
1584 2577 1712 2656 πορεΰς,
1727 2597 1748 2636 1.
1764 2597 1789 2638 e.

404 2653 573 2740 πορθμεύς.
627 2655 666 2719 isi
677 2653 877 2730 sitPorensis,
890 2652 999 2717 aPoro
1009 2652 1119 2730 insula,
1128 2653 1217 2739 cujus
1228 2677 1342 2720 nomen
1353 2655 1517 2741 antiquum
1527 2669 1594 2721 erat
1603 2660 1789 2748 Καλαύρεια.

668 2837 988 2928 ANNOTATIONES
1010 2853 1183 2928 CRITICAE
1204 2870 1257 2927 ET
1276 2870 1526 2929 EXEGETICAE.

448 2987 476 3053 7.
498 2985 636 3073 Ἡρῷον.
668 2983 864 3072 Significatio
874 2984 959 3070 justa
973 2999 1005 3050 et
1020 3009 1073 3049 an·
1117 2985 1253 3050 eundem
1267 3008 1390 3051 sensum
1402 2985 1634 3074 praeseferunt,
1644 2985 1791 3074 utliquet

404 3090 520 3177 tiquicr
541 3100 863 3166 matrimoniorum,
878 3092 1007 3174 fanum,
1022 3113 1075 3153 so·
1117 3115 1160 3156 ex
1179 3091 1325 3180 Thucyd.
1346 3114 1395 3157 111.
1417 3097 1468 3157 24.
1495 3097 1529 3160 ἐν
1553 3092 1639 3181 delegi
1660 3095 1791 3184 ’ἔχοντες

405 3203 541 3262 crarium
560 3199 688 3260 herois:
711 3195 865 3261 recentior
886 3199 1073 3281 sepulcrum.
1117 3199 1154 3264 τὸ
1168 3206 1224 3265 τοῦ
1240 3197 1475 3286 ἆνδροκρᾶτους
1493 3202 1611 3286 ἡρῷον.
1655 3200 1788 3266 Pausan.

405 3301 570 3388 Ejusmodi
600 3302 705 3364 formae
734 3313 808 3364 sunt
840 3303 962 3387 ἡραῖον,
997 3302 1074 3386 ἦρα·
1118 3323 1139 3367 1.
1155 3306 1207 3366 42.
1223 3309 1252 3367 8.
1279 3309 1364 3371 Κατὰ
1381 3303 1412 3370 dl
1427 3307 1486 3382 τὴν
1500 3308 1533 3382 ἐς
1547 3308 1584 3372 τὸ
1598 3316 1788 3391 πρυτανεῖον

404 3409 521 3488 κλεῖον,
542 3408 679 3485 θησεῖον,
700 3418 758 3471 eto.
803 3404 880 3470 Vid.
902 3405 1073 3492 Rhodigin.
1118 3405 1195 3476 ὁδὸν
1210 3413 1299 3487 ἶνοῦς
1313 3413 1396 3477 ἐστιν
1411 3395 1527 3497 appla,
1551 3433 1664 3498 nempe
1687 3424 1721 3476 et
1743 3436 1790 3478 se.

403 3515 758 3600 Lect.Antiq.xvr1.18.
771 3516 935 3600 pp.548.s.
948 3511 1073 3576 Passorr.
1117 3513 1261 3600 pulcrum
1283 3528 1316 3579 et
1335 3515 1451 3592 fanum,
1471 3529 1508 3579 ut
1524 3514 1628 3601 liquet
1642 3539 1685 3582 ex
1704 3540 1788 3605 seqq.

403 3620 571 3684 Euchirid.
587 3639 609 3681 1.
629 3622 720 3681 1032.
1118 3617 1285 3682 Transibat
1298 3641 1364 3680 vox
1379 3616 1419 3682 ad
1434 3616 1579 3682 Latinos:
1601 3642 1653 3684 ex.
1665 3643 1692 3685 c.
1705 3619 1788 3685 Plin.

446 3723 607 3788 Illustrant
635 3745 720 3808 seqq.
756 3721 874 3787 Herod.
900 3743 931 3786 v.
954 3724 1005 3791 47.
1024 3727 1073 3790 ἐπὶ
1116 3725 1240 3788 x.6.1.
1270 3723 1376 3802 Quam
1391 3725 1428 3787 ob
1444 3747 1572 3788 causam
1588 3727 1791 3813 incolaequod

403 3833 468 3916 γὰρ
487 3838 542 3897 τοῦ
556 3832 657 3916 τάφου
676 3831 772 3895 αὐτοῦ
787 3831 894 3915 ἡρῷον
909 3828 1073 3916 ἱδρυσόμε-
1116 3841 1227 3894 vocant
1243 3831 1385 3893 Heroum
1408 3833 1440 3893 in
1464 3853 1498 3893 eo
1517 3831 1582 3893 loco
1594 3833 1707 3915 secere
1730 3844 1787 3897 etc.

403 3965 463 4016 vot,
487 3935 612 4023 θυσίῃσι
633 3937 730 4003 αὐτὸν
752 3935 945 4003 ἱλάσκονται.
989 3937 1072 4000 [bid.
1118 3935 1184 4000 Cic.
1208 3937 1264 4000 De
1287 3935 1402 4021 Lepib.
1420 3955 1456 3998 11.
1473 3938 1524 3999 24.
1562 3934 1659 4013 Quod
1681 3947 1786 4000 antem

403 4044 454 4109 61.
477 4045 583 4129 ἡρῷον
598 4044 661 4129 γὰρ
676 4047 715 4120 ἦν
734 4047 782 4108 καὶ
798 4041 861 4108 ἔστι
882 4045 916 4109 ἐν
938 4042 1016 4130 αὐτῇ
1035 4049 1074 4130 τῇ
1117 4045 1296 4119 “1ιενοκηι,”
1308 4043 1410 4118 idest,
1421 4042 1604 4105 vestibulum
1619 4043 1787 4126 sepulchri,

403 4151 508 4237 ἀγορῇ
535 4155 599 4216 τῶν
629 4153 803 4216 σικυωνίων
833 4147 990 4236 ἆδρῆστου
1015 4156 1072 4214 τοῦ
1117 4159 1135 4187 “
1144 4151 1303 4212 hostemve
1325 4149 1476 4231 usucapi”
1496 4157 1592 4223 vetat,
1615 4157 1723 4212 tuetur
1726 4152 1785 4234 jus

400 4255 529 4323 ταλαοῦ.
574 4249 682 4320 Verba
695 4252 730 4316 in
744 4274 790 4318 rx.
807 4257 857 4318 25.
880 4257 1004 4322 καὶτοῦ
1025 4282 1071 4320 τε·
1114 4257 1336 4340 sepulcrorum.
1359 4251 1513 4319 Existunt
1523 4250 1785 4321 veroiuh.l.sar.

400 4366 510 4446 μένεος
539 4364 595 4428 τοῦ
622 4357 851 4448 ἆνδροκρᾶτεος
881 4367 936 4428 τοῦ
967 4361 1072 4443 ἥρωος
1114 4358 1199 4426 lectt.
1216 4357 1461 4442 eorum,forum.
