<?xml version="1.0" encoding="UTF-8"?>
<!DOCTYPE html PUBLIC "-//W3C//DTD XHTML 1.0 Transitional//EN"
    "http://www.w3.org/TR/xhtml1/DTD/xhtml1-transitional.dtd">
<html xmlns="http://www.w3.org/1999/xhtml" xml:lang="en" lang="en">
 <head>
  <title>
</title>
<meta http-equiv="Content-Type" content="text/html;charset=utf-8" />
  <meta name='ocr-system' content='tesseract 3.04.00' />
  <meta name='ocr-capabilities' content='ocr_page ocr_carea ocr_par ocr_line ocrx_word'/>
</head>
<body>
  <div class='ocr_page' id='page_1' title='image "./fasciculusinscr00kenngoog_0020.png"; bbox 0 0 3818 5094; ppageno 0'>
   <div class='ocr_carea' id='block_1_1' title="bbox 347 1262 1362 1361">
    <p class='ocr_par' dir='ltr' id='par_1_1' title="bbox 347 1262 1362 1361">
     <span class='ocr_line' id='line_1_1' title="bbox 347 1262 1362 1361; baseline 0 0"><span class='ocrx_word' id='word_1_1' title='bbox 347 1262 870 1361; x_wconf 85' lang='lat' dir='ltr'><strong>ADDITAMENTUM</strong></span> <span class='ocrx_word' id='word_1_2' title='bbox 910 1265 1362 1360; x_wconf 83' lang='lat' dir='ltr'><strong>PRAEFATIONIS.</strong></span> 
     </span>
    </p>
   </div>
   <div class='ocr_carea' id='block_1_2' title="bbox 762 1525 939 1559">
    <p class='ocr_par' dir='ltr' id='par_1_2' title="bbox 762 1525 939 1559">
     <span class='ocr_line' id='line_1_2' title="bbox 762 1525 939 1559; baseline 0 0"><span class='ocrx_word' id='word_1_3' title='bbox 762 1525 939 1559; x_wconf 47' lang='lat' dir='ltr'>——oe—</span> 
     </span>
    </p>
   </div>
   <div class='ocr_carea' id='block_1_3' title="bbox 161 1720 1549 4020">
    <p class='ocr_par' dir='ltr' id='par_1_3' title="bbox 161 1720 1547 2304">
     <span class='ocr_line' id='line_1_3' title="bbox 162 1720 1547 1822; baseline -0.007 -19"><span class='ocrx_word' id='word_1_4' title='bbox 162 1731 336 1805; x_wconf 81' lang='lat' dir='ltr'>Moruros</span> <span class='ocrx_word' id='word_1_5' title='bbox 363 1728 446 1802; x_wconf 91' lang='lat' dir='ltr'>volo</span> <span class='ocrx_word' id='word_1_6' title='bbox 463 1729 625 1814; x_wconf 87' lang='lat' dir='ltr'>lectores,</span> <span class='ocrx_word' id='word_1_7' title='bbox 653 1738 844 1822; x_wconf 80' lang='lat' dir='ltr'>antequam</span> <span class='ocrx_word' id='word_1_8' title='bbox 867 1751 905 1799; x_wconf 92' lang='lat' dir='ltr'>se</span> <span class='ocrx_word' id='word_1_9' title='bbox 933 1724 1136 1798; x_wconf 87' lang='lat' dir='ltr'>adlabores</span> <span class='ocrx_word' id='word_1_10' title='bbox 1162 1749 1262 1797; x_wconf 91' lang='lat' dir='ltr'>meos</span> <span class='ocrx_word' id='word_1_11' title='bbox 1289 1720 1547 1820; x_wconf 86' lang='lat' dir='ltr'>expendendos</span> 
     </span>
     <span class='ocr_line' id='line_1_4' title="bbox 161 1842 1545 1945; baseline -0.008 -20"><span class='ocrx_word' id='word_1_12' title='bbox 161 1847 528 1945; x_wconf 68' lang='lat' dir='ltr'>conseantquaedam</span> <span class='ocrx_word' id='word_1_13' title='bbox 541 1859 578 1921; x_wconf 90' lang='lat' dir='ltr'>et</span> <span class='ocrx_word' id='word_1_14' title='bbox 588 1848 626 1918; x_wconf 93' lang='lat' dir='ltr'>in</span> <span class='ocrx_word' id='word_1_15' title='bbox 636 1847 723 1943; x_wconf 90' lang='lat' dir='ltr'>ipsa,</span> <span class='ocrx_word' id='word_1_16' title='bbox 735 1869 816 1942; x_wconf 86' lang='lat' dir='ltr'>quae</span> <span class='ocrx_word' id='word_1_17' title='bbox 828 1845 950 1932; x_wconf 89' lang='lat' dir='ltr'>anteit,</span> <span class='ocrx_word' id='word_1_18' title='bbox 956 1842 1269 1940; x_wconf 85' lang='lat' dir='ltr'>descriptiuncula,</span> <span class='ocrx_word' id='word_1_19' title='bbox 1281 1842 1545 1918; x_wconf 87' lang='lat' dir='ltr'>etinfascioulo</span> 
     </span>
     <span class='ocr_line' id='line_1_5' title="bbox 161 1965 1546 2062; baseline -0.005 -19"><span class='ocrx_word' id='word_1_20' title='bbox 161 1970 219 2043; x_wconf 89' lang='lat' dir='ltr'>cui</span> <span class='ocrx_word' id='word_1_21' title='bbox 234 1970 330 2042; x_wconf 84' lang='lat' dir='ltr'>viam</span> <span class='ocrx_word' id='word_1_22' title='bbox 351 1968 487 2056; x_wconf 75' lang='lat' dir='ltr'>sternit,</span> <span class='ocrx_word' id='word_1_23' title='bbox 501 1968 628 2056; x_wconf 89' lang='lat' dir='ltr'>inesse,</span> <span class='ocrx_word' id='word_1_24' title='bbox 642 1967 779 2040; x_wconf 91' lang='lat' dir='ltr'>calamo</span> <span class='ocrx_word' id='word_1_25' title='bbox 796 1967 1019 2040; x_wconf 72' lang='lat' dir='ltr'>accuratiore</span> <span class='ocrx_word' id='word_1_26' title='bbox 1032 1965 1240 2062; x_wconf 85' lang='lat' dir='ltr'>indigentia</span> <span class='ocrx_word' id='word_1_27' title='bbox 1291 1967 1435 2038; x_wconf 91' lang='lat' dir='ltr'>Horum</span> <span class='ocrx_word' id='word_1_28' title='bbox 1453 1989 1546 2037; x_wconf 91' lang='lat' dir='ltr'>com·</span> 
     </span>
     <span class='ocr_line' id='line_1_6' title="bbox 161 2083 1546 2185; baseline -0.004 -23"><span class='ocrx_word' id='word_1_29' title='bbox 161 2087 371 2162; x_wconf 88' lang='lat' dir='ltr'>memoratio</span> <span class='ocrx_word' id='word_1_30' title='bbox 381 2089 502 2162; x_wconf 88' lang='lat' dir='ltr'>brevis</span> <span class='ocrx_word' id='word_1_31' title='bbox 514 2089 552 2160; x_wconf 91' lang='lat' dir='ltr'>in</span> <span class='ocrx_word' id='word_1_32' title='bbox 565 2088 734 2185; x_wconf 80' lang='lat' dir='ltr'>praesenti</span> <span class='ocrx_word' id='word_1_33' title='bbox 752 2086 899 2178; x_wconf 73' lang='lat' dir='ltr'>sufficit,</span> <span class='ocrx_word' id='word_1_34' title='bbox 919 2097 1211 2185; x_wconf 87' lang='lat' dir='ltr'>argumentorum</span> <span class='ocrx_word' id='word_1_35' title='bbox 1224 2083 1370 2160; x_wconf 89' lang='lat' dir='ltr'>uberior</span> <span class='ocrx_word' id='word_1_36' title='bbox 1381 2085 1546 2158; x_wconf 88' lang='lat' dir='ltr'>tractatio</span> 
     </span>
     <span class='ocr_line' id='line_1_7' title="bbox 163 2205 1022 2304; baseline -0.006 -21"><span class='ocrx_word' id='word_1_37' title='bbox 163 2209 207 2283; x_wconf 87' lang='lat' dir='ltr'>ad</span> <span class='ocrx_word' id='word_1_38' title='bbox 224 2207 441 2282; x_wconf 84' lang='lat' dir='ltr'>Auctarium</span> <span class='ocrx_word' id='word_1_39' title='bbox 457 2209 496 2281; x_wconf 93' lang='lat' dir='ltr'>in</span> <span class='ocrx_word' id='word_1_40' title='bbox 513 2207 585 2281; x_wconf 90' lang='lat' dir='ltr'>fine</span> <span class='ocrx_word' id='word_1_41' title='bbox 603 2207 722 2304; x_wconf 88' lang='lat' dir='ltr'>operis</span> <span class='ocrx_word' id='word_1_42' title='bbox 739 2205 943 2280; x_wconf 89' lang='lat' dir='ltr'>mandanda</span> <span class='ocrx_word' id='word_1_43' title='bbox 959 2217 1022 2279; x_wconf 93' lang='lat' dir='ltr'>est.</span> 
     </span>
    </p>

    <p class='ocr_par' dir='ltr' id='par_1_4' title="bbox 162 2329 1549 3780">
     <span class='ocr_line' id='line_1_8' title="bbox 234 2329 1547 2438; baseline -0.005 -24"><span class='ocrx_word' id='word_1_44' title='bbox 234 2342 280 2414; x_wconf 95' lang='lat' dir='ltr'>In</span> <span class='ocrx_word' id='word_1_45' title='bbox 308 2339 433 2438; x_wconf 93' lang='lat' dir='ltr'>primis</span> <span class='ocrx_word' id='word_1_46' title='bbox 449 2371 457 2431; x_wconf 91' lang='grc'>;</span> <span class='ocrx_word' id='word_1_47' title='bbox 485 2362 566 2435; x_wconf 84' lang='lat' dir='ltr'>quae</span> <span class='ocrx_word' id='word_1_48' title='bbox 592 2340 632 2413; x_wconf 93' lang='lat' dir='ltr'>in</span> <span class='ocrx_word' id='word_1_49' title='bbox 659 2337 874 2414; x_wconf 77' lang='lat' dir='ltr'>Praefauone</span> <span class='ocrx_word' id='word_1_50' title='bbox 902 2339 981 2412; x_wconf 80' lang='lat' dir='ltr'>dixi</span> <span class='ocrx_word' id='word_1_51' title='bbox 1007 2338 1055 2411; x_wconf 90' lang='lat' dir='ltr'>de</span> <span class='ocrx_word' id='word_1_52' title='bbox 1074 2347 1092 2376; x_wconf 90' lang='lat'><strong>“</strong></span> <span class='ocrx_word' id='word_1_53' title='bbox 1104 2329 1299 2436; x_wconf 75' lang='grc' dir='ltr'>εὐεργεσίᾳ</span> <span class='ocrx_word' id='word_1_54' title='bbox 1320 2337 1547 2433; x_wconf 90' lang='lat' dir='ltr'>Imperatorii</span> 
     </span>
     <span class='ocr_line' id='line_1_9' title="bbox 163 2455 1549 2559; baseline -0.004 -25"><span class='ocrx_word' id='word_1_55' title='bbox 163 2459 411 2558; x_wconf 87' lang='lat' dir='ltr'>nominis”(o)‚</span> <span class='ocrx_word' id='word_1_56' title='bbox 428 2485 568 2559; x_wconf 90' lang='lat' dir='ltr'>nempe,</span> <span class='ocrx_word' id='word_1_57' title='bbox 587 2462 632 2535; x_wconf 94' lang='lat' dir='ltr'>de</span> <span class='ocrx_word' id='word_1_58' title='bbox 651 2461 810 2549; x_wconf 84' lang='lat' dir='ltr'>Tiberio,</span> <span class='ocrx_word' id='word_1_59' title='bbox 830 2462 996 2557; x_wconf 83' lang='lat' dir='ltr'>Trajano,</span> <span class='ocrx_word' id='word_1_60' title='bbox 1015 2457 1211 2545; x_wconf 85' lang='lat' dir='ltr'>Hadriano,</span> <span class='ocrx_word' id='word_1_61' title='bbox 1234 2455 1443 2555; x_wconf 85' lang='lat' dir='ltr'>refingenda</span> <span class='ocrx_word' id='word_1_62' title='bbox 1465 2468 1549 2530; x_wconf 92' lang='lat' dir='ltr'>sunt</span> 
     </span>
     <span class='ocr_line' id='line_1_10' title="bbox 163 2575 1545 2676; baseline -0.001 -24"><span class='ocrx_word' id='word_1_63' title='bbox 163 2604 229 2676; x_wconf 94' lang='lat' dir='ltr'>ope</span> <span class='ocrx_word' id='word_1_64' title='bbox 256 2578 465 2651; x_wconf 85' lang='lat' dir='ltr'>notitiarum</span> <span class='ocrx_word' id='word_1_65' title='bbox 495 2579 709 2675; x_wconf 91' lang='lat' dir='ltr'>ampliorum</span> <span class='ocrx_word' id='word_1_66' title='bbox 740 2602 829 2675; x_wconf 90' lang='lat' dir='ltr'>quas</span> <span class='ocrx_word' id='word_1_67' title='bbox 851 2578 891 2650; x_wconf 90' lang='lat' dir='ltr'>in</span> <span class='ocrx_word' id='word_1_68' title='bbox 907 2575 1148 2676; x_wconf 82' lang='lat' dir='ltr'>Auctario(b)</span> <span class='ocrx_word' id='word_1_69' title='bbox 1177 2577 1358 2675; x_wconf 86' lang='lat' dir='ltr'>reperient</span> <span class='ocrx_word' id='word_1_70' title='bbox 1374 2577 1545 2674; x_wconf 85' lang='lat' dir='ltr'>legentes.</span> 
     </span>
     <span class='ocr_line' id='line_1_11' title="bbox 163 2696 1547 2811; baseline 0.001 -29"><span class='ocrx_word' id='word_1_71' title='bbox 163 2711 265 2796; x_wconf 87' lang='lat' dir='ltr'>Dein,</span> <span class='ocrx_word' id='word_1_72' title='bbox 292 2733 359 2807; x_wconf 93' lang='lat' dir='ltr'>pro</span> <span class='ocrx_word' id='word_1_73' title='bbox 388 2707 613 2782; x_wconf 90' lang='lat' dir='ltr'>“bellissima</span> <span class='ocrx_word' id='word_1_74' title='bbox 639 2707 896 2811; x_wconf 78' lang='lat' dir='ltr'>epigrammata</span> <span class='ocrx_word' id='word_1_75' title='bbox 922 2696 1192 2807; x_wconf 80' lang='grc' dir='ltr'>ἁδριάνεια”(ο)</span> <span class='ocrx_word' id='word_1_76' title='bbox 1220 2708 1428 2805; x_wconf 89' lang='lat' dir='ltr'>reponenda</span> <span class='ocrx_word' id='word_1_77' title='bbox 1454 2723 1547 2798; x_wconf 88' lang='lat' dir='ltr'>sunt,</span> 
     </span>
     <span class='ocr_line' id='line_1_12' title="bbox 163 2831 1546 2942; baseline 0 -26"><span class='ocrx_word' id='word_1_78' title='bbox 163 2843 291 2916; x_wconf 88' lang='lat' dir='ltr'>tutiore</span> <span class='ocrx_word' id='word_1_79' title='bbox 305 2842 430 2915; x_wconf 88' lang='lat' dir='ltr'>saltem</span> <span class='ocrx_word' id='word_1_80' title='bbox 444 2842 605 2928; x_wconf 78' lang='lat' dir='ltr'>consilio</span> <span class='ocrx_word' id='word_1_81' title='bbox 623 2841 885 2916; x_wconf 84' lang='lat' dir='ltr'>“bellissimum</span> <span class='ocrx_word' id='word_1_82' title='bbox 899 2843 1118 2941; x_wconf 80' lang='lat' dir='ltr'>epigramma</span> <span class='ocrx_word' id='word_1_83' title='bbox 1130 2831 1445 2942; x_wconf 77' lang='lat' dir='ltr'>oidpuivssov”(d);</span> <span class='ocrx_word' id='word_1_84' title='bbox 1464 2869 1546 2918; x_wconf 89' lang='lat' dir='ltr'>nam</span> 
     </span>
     <span class='ocr_line' id='line_1_13' title="bbox 163 2961 1548 3060; baseline 0 -23"><span class='ocrx_word' id='word_1_85' title='bbox 163 2974 308 3037; x_wconf 90' lang='lat' dir='ltr'>movent</span> <span class='ocrx_word' id='word_1_86' title='bbox 323 2986 382 3034; x_wconf 90' lang='lat' dir='ltr'>me</span> <span class='ocrx_word' id='word_1_87' title='bbox 399 2961 563 3057; x_wconf 87' lang='lat' dir='ltr'>quaedam</span> <span class='ocrx_word' id='word_1_88' title='bbox 581 2961 728 3035; x_wconf 89' lang='lat' dir='ltr'>minime</span> <span class='ocrx_word' id='word_1_89' title='bbox 746 2962 949 3060; x_wconf 90' lang='lat' dir='ltr'>spernenda</span> <span class='ocrx_word' id='word_1_90' title='bbox 966 2974 1177 3060; x_wconf 84' lang='lat' dir='ltr'>argumenta</span> <span class='ocrx_word' id='word_1_91' title='bbox 1193 2975 1234 3036; x_wconf 92' lang='lat' dir='ltr'>ut</span> <span class='ocrx_word' id='word_1_92' title='bbox 1252 2962 1417 3036; x_wconf 83' lang='lat' dir='ltr'>Titulum</span> <span class='ocrx_word' id='word_1_93' title='bbox 1434 2973 1548 3037; x_wconf 76' lang='lat' dir='ltr'>nrmum</span> 
     </span>
     <span class='ocr_line' id='line_1_14' title="bbox 163 3081 1547 3180; baseline 0.001 -24"><span class='ocrx_word' id='word_1_94' title='bbox 163 3108 254 3156; x_wconf 85' lang='lat' dir='ltr'>nova</span> <span class='ocrx_word' id='word_1_95' title='bbox 268 3105 417 3179; x_wconf 88' lang='lat' dir='ltr'>prorsus</span> <span class='ocrx_word' id='word_1_96' title='bbox 440 3081 579 3154; x_wconf 91' lang='lat' dir='ltr'>ratione</span> <span class='ocrx_word' id='word_1_97' title='bbox 602 3082 857 3178; x_wconf 86' lang='lat' dir='ltr'>explicandum</span> <span class='ocrx_word' id='word_1_98' title='bbox 883 3106 1058 3169; x_wconf 89' lang='lat' dir='ltr'>censeam,</span> <span class='ocrx_word' id='word_1_99' title='bbox 1075 3081 1146 3155; x_wconf 87' lang='lat' dir='ltr'>hoo</span> <span class='ocrx_word' id='word_1_100' title='bbox 1172 3093 1236 3168; x_wconf 93' lang='lat' dir='ltr'>est,</span> <span class='ocrx_word' id='word_1_101' title='bbox 1254 3082 1355 3154; x_wconf 94' lang='lat' dir='ltr'>nullo</span> <span class='ocrx_word' id='word_1_102' title='bbox 1380 3097 1547 3180; x_wconf 90' lang='lat' dir='ltr'>respectu</span> 
     </span>
     <span class='ocr_line' id='line_1_15' title="bbox 162 3199 1545 3301; baseline 0.004 -27"><span class='ocrx_word' id='word_1_103' title='bbox 162 3199 282 3274; x_wconf 90' lang='lat' dir='ltr'>habito</span> <span class='ocrx_word' id='word_1_104' title='bbox 289 3200 514 3298; x_wconf 87' lang='lat' dir='ltr'>imperatoris</span> <span class='ocrx_word' id='word_1_105' title='bbox 524 3200 672 3275; x_wconf 90' lang='lat' dir='ltr'>illustris</span> <span class='ocrx_word' id='word_1_106' title='bbox 684 3204 746 3298; x_wconf 91' lang='lat' dir='ltr'>qui</span> <span class='ocrx_word' id='word_1_107' title='bbox 753 3203 955 3301; x_wconf 91' lang='lat' dir='ltr'>adoptionis</span> <span class='ocrx_word' id='word_1_108' title='bbox 962 3205 1044 3299; x_wconf 90' lang='lat' dir='ltr'>jure</span> <span class='ocrx_word' id='word_1_109' title='bbox 1051 3226 1247 3300; x_wconf 83' lang='lat' dir='ltr'>purpuram</span> <span class='ocrx_word' id='word_1_110' title='bbox 1258 3217 1471 3298; x_wconf 85' lang='lat' dir='ltr'>assequutus</span> <span class='ocrx_word' id='word_1_111' title='bbox 1481 3219 1545 3279; x_wconf 88' lang='lat' dir='ltr'>est.</span> 
     </span>
     <span class='ocr_line' id='line_1_16' title="bbox 163 3320 1547 3423; baseline 0.004 -30"><span class='ocrx_word' id='word_1_112' title='bbox 163 3321 267 3394; x_wconf 88' lang='lat' dir='ltr'>Hanc</span> <span class='ocrx_word' id='word_1_113' title='bbox 281 3320 516 3416; x_wconf 82' lang='lat' dir='ltr'>quaestionem</span> <span class='ocrx_word' id='word_1_114' title='bbox 530 3344 674 3418; x_wconf 91' lang='lat' dir='ltr'>quoque</span> <span class='ocrx_word' id='word_1_115' title='bbox 685 3324 723 3395; x_wconf 92' lang='lat' dir='ltr'>in</span> <span class='ocrx_word' id='word_1_116' title='bbox 734 3323 973 3423; x_wconf 85' lang='lat' dir='ltr'>Auctario(e)</span> <span class='ocrx_word' id='word_1_117' title='bbox 991 3335 1176 3396; x_wconf 88' lang='lat' dir='ltr'>tractatam</span> <span class='ocrx_word' id='word_1_118' title='bbox 1187 3321 1373 3394; x_wconf 87' lang='lat' dir='ltr'>invenient</span> <span class='ocrx_word' id='word_1_119' title='bbox 1385 3323 1547 3400; x_wconf 79' lang='lat' dir='ltr'>lectores</span> 
     </span>
     <span class='ocr_line' id='line_1_17' title="bbox 162 3443 1545 3544; baseline 0.001 -29"><span class='ocrx_word' id='word_1_120' title='bbox 162 3443 334 3515; x_wconf 89' lang='lat' dir='ltr'>Attamen</span> <span class='ocrx_word' id='word_1_121' title='bbox 352 3465 400 3513; x_wconf 84' lang='lat' dir='ltr'>ex</span> <span class='ocrx_word' id='word_1_122' title='bbox 415 3466 565 3538; x_wconf 86' lang='lat' dir='ltr'>corpore</span> <span class='ocrx_word' id='word_1_123' title='bbox 579 3444 756 3517; x_wconf 88' lang='lat' dir='ltr'>Fasciculi</span> <span class='ocrx_word' id='word_1_124' title='bbox 771 3446 919 3518; x_wconf 90' lang='lat' dir='ltr'>minime</span> <span class='ocrx_word' id='word_1_125' title='bbox 937 3443 1135 3544; x_wconf 89' lang='lat' dir='ltr'>ableganda</span> <span class='ocrx_word' id='word_1_126' title='bbox 1148 3443 1316 3544; x_wconf 25' lang='lat' dir='ltr'>judicavi·</span> <span class='ocrx_word' id='word_1_127' title='bbox 1327 3466 1408 3538; x_wconf 88' lang='lat' dir='ltr'>quae</span> <span class='ocrx_word' id='word_1_128' title='bbox 1425 3445 1545 3540; x_wconf 89' lang='lat' dir='ltr'>primi-</span> 
     </span>
     <span class='ocr_line' id='line_1_18' title="bbox 163 3562 1544 3663; baseline 0 -25"><span class='ocrx_word' id='word_1_129' title='bbox 163 3579 219 3639; x_wconf 90' lang='lat' dir='ltr'>tus</span> <span class='ocrx_word' id='word_1_130' title='bbox 235 3565 360 3640; x_wconf 90' lang='lat' dir='ltr'>titulos</span> <span class='ocrx_word' id='word_1_131' title='bbox 376 3565 593 3663; x_wconf 88' lang='lat' dir='ltr'>pervolvens</span> <span class='ocrx_word' id='word_1_132' title='bbox 611 3566 746 3662; x_wconf 75' lang='lat' dir='ltr'>scn&#39;psi</span> <span class='ocrx_word' id='word_1_133' title='bbox 765 3566 930 3662; x_wconf 83' lang='lat' dir='ltr'>quaedam</span> <span class='ocrx_word' id='word_1_134' title='bbox 947 3566 1064 3640; x_wconf 89' lang='lat' dir='ltr'>inesse</span> <span class='ocrx_word' id='word_1_135' title='bbox 1081 3577 1180 3638; x_wconf 88' lang='lat' dir='ltr'>ratus</span> <span class='ocrx_word' id='word_1_136' title='bbox 1198 3589 1247 3637; x_wconf 84' lang='lat' dir='ltr'>ex</span> <span class='ocrx_word' id='word_1_137' title='bbox 1264 3562 1395 3659; x_wconf 92' lang='lat' dir='ltr'>quibus</span> <span class='ocrx_word' id='word_1_138' title='bbox 1408 3566 1544 3638; x_wconf 92' lang='lat' dir='ltr'>bonum</span> 
     </span>
     <span class='ocr_line' id='line_1_19' title="bbox 163 3683 817 3780; baseline 0.002 -24"><span class='ocrx_word' id='word_1_139' title='bbox 163 3683 317 3758; x_wconf 81' lang='lat' dir='ltr'>fructum</span> <span class='ocrx_word' id='word_1_140' title='bbox 334 3683 540 3780; x_wconf 89' lang='lat' dir='ltr'>percepturi</span> <span class='ocrx_word' id='word_1_141' title='bbox 557 3696 640 3758; x_wconf 87' lang='lat' dir='ltr'>sunt</span> <span class='ocrx_word' id='word_1_142' title='bbox 657 3684 817 3757; x_wconf 87' lang='lat' dir='ltr'>studiosi.</span> 
     </span>
    </p>

    <p class='ocr_par' dir='ltr' id='par_1_5' title="bbox 164 3801 1544 4020">
     <span class='ocr_line' id='line_1_20' title="bbox 232 3801 1544 3902; baseline 0 -26"><span class='ocrx_word' id='word_1_143' title='bbox 232 3805 324 3876; x_wconf 88' lang='lat' dir='ltr'>Haec</span> <span class='ocrx_word' id='word_1_144' title='bbox 340 3801 522 3898; x_wconf 82' lang='lat' dir='ltr'>praecipua</span> <span class='ocrx_word' id='word_1_145' title='bbox 544 3814 627 3876; x_wconf 91' lang='lat' dir='ltr'>sunt</span> <span class='ocrx_word' id='word_1_146' title='bbox 644 3824 725 3897; x_wconf 86' lang='lat' dir='ltr'>quae</span> <span class='ocrx_word' id='word_1_147' title='bbox 742 3802 780 3874; x_wconf 90' lang='lat' dir='ltr'>in</span> <span class='ocrx_word' id='word_1_148' title='bbox 797 3803 882 3875; x_wconf 88' lang='lat' dir='ltr'>crisi</span> <span class='ocrx_word' id='word_1_149' title='bbox 898 3828 978 3877; x_wconf 86' lang='lat' dir='ltr'>mea</span> <span class='ocrx_word' id='word_1_150' title='bbox 999 3802 1233 3891; x_wconf 89' lang='lat' dir='ltr'>emendanda,</span> <span class='ocrx_word' id='word_1_151' title='bbox 1252 3802 1372 3902; x_wconf 89' lang='lat' dir='ltr'>potius</span> <span class='ocrx_word' id='word_1_152' title='bbox 1389 3801 1544 3876; x_wconf 86' lang='lat' dir='ltr'>dixerim</span> 
     </span>
     <span class='ocr_line' id='line_1_21' title="bbox 164 3917 1543 4020; baseline 0.002 -27"><span class='ocrx_word' id='word_1_153' title='bbox 164 3920 381 3996; x_wconf 87' lang='lat' dir='ltr'>enucleatius</span> <span class='ocrx_word' id='word_1_154' title='bbox 412 3919 594 4007; x_wconf 89' lang='lat' dir='ltr'>tradenda,</span> <span class='ocrx_word' id='word_1_155' title='bbox 612 3917 714 3994; x_wconf 88' lang='lat' dir='ltr'>duco.</span> <span class='ocrx_word' id='word_1_156' title='bbox 766 3921 873 3994; x_wconf 90' lang='lat' dir='ltr'>Nunc</span> <span class='ocrx_word' id='word_1_157' title='bbox 900 3920 948 3994; x_wconf 91' lang='lat' dir='ltr'>ad</span> <span class='ocrx_word' id='word_1_158' title='bbox 964 3921 1095 3994; x_wconf 88' lang='lat' dir='ltr'>menda</span> <span class='ocrx_word' id='word_1_159' title='bbox 1117 3921 1375 4020; x_wconf 84' lang='lat' dir='ltr'>typographica</span> <span class='ocrx_word' id='word_1_160' title='bbox 1402 3925 1543 4012; x_wconf 85' lang='lat' dir='ltr'>accedo,</span> 
     </span>
    </p>
   </div>
   <div class='ocr_carea' id='block_1_4' title="bbox 201 4105 1261 4460">
    <p class='ocr_par' dir='ltr' id='par_1_6' title="bbox 201 4105 1261 4380">
     <span class='ocr_line' id='line_1_22' title="bbox 201 4105 1261 4185; baseline 0.003 -22"><span class='ocrx_word' id='word_1_161' title='bbox 201 4105 246 4185; x_wconf 83' lang='lat' dir='ltr'>(a)</span> <span class='ocrx_word' id='word_1_162' title='bbox 259 4107 292 4163; x_wconf 89' lang='lat' dir='ltr'>P.</span> <span class='ocrx_word' id='word_1_163' title='bbox 307 4109 335 4169; x_wconf 89' lang='lat'>9.</span> <span class='ocrx_word' id='word_1_164' title='bbox 913 4105 958 4185; x_wconf 81' lang='lat' dir='ltr'>(d)</span> <span class='ocrx_word' id='word_1_165' title='bbox 972 4108 1090 4184; x_wconf 88' lang='lat' dir='ltr'>Nempe,</span> <span class='ocrx_word' id='word_1_166' title='bbox 1106 4124 1171 4164; x_wconf 81' lang='lat' dir='ltr'>xix.</span> <span class='ocrx_word' id='word_1_167' title='bbox 1187 4116 1223 4165; x_wconf 88' lang='grc' dir='ltr'>Π.</span> <span class='ocrx_word' id='word_1_168' title='bbox 1237 4129 1261 4166; x_wconf 79' lang='lat' dir='ltr'>a</span> 
     </span>
     <span class='ocr_line' id='line_1_23' title="bbox 201 4204 1213 4286; baseline 0 -22"><span class='ocrx_word' id='word_1_169' title='bbox 201 4207 242 4286; x_wconf 84' lang='lat' dir='ltr'>(t)</span> <span class='ocrx_word' id='word_1_170' title='bbox 255 4207 308 4283; x_wconf 92' lang='lat' dir='ltr'>Pp.</span> <span class='ocrx_word' id='word_1_171' title='bbox 322 4208 387 4266; x_wconf 86' lang='lat'>153.</span> <span class='ocrx_word' id='word_1_172' title='bbox 402 4225 437 4263; x_wconf 86' lang='lat' dir='ltr'>ss.</span> <span class='ocrx_word' id='word_1_173' title='bbox 913 4205 954 4283; x_wconf 86' lang='lat' dir='ltr'>(e)</span> <span class='ocrx_word' id='word_1_174' title='bbox 973 4204 1040 4262; x_wconf 88' lang='lat' dir='ltr'>Vid</span> <span class='ocrx_word' id='word_1_175' title='bbox 1055 4224 1101 4282; x_wconf 90' lang='lat' dir='ltr'>pp.</span> <span class='ocrx_word' id='word_1_176' title='bbox 1117 4207 1213 4268; x_wconf 83' lang='lat'>191-3.</span> 
     </span>
     <span class='ocr_line' id='line_1_24' title="bbox 202 4303 326 4380; baseline -0.008 -20"><span class='ocrx_word' id='word_1_177' title='bbox 202 4304 242 4380; x_wconf 88' lang='lat' dir='ltr'>(c)</span> <span class='ocrx_word' id='word_1_178' title='bbox 255 4303 288 4359; x_wconf 91' lang='lat' dir='ltr'>P.</span> <span class='ocrx_word' id='word_1_179' title='bbox 298 4305 326 4364; x_wconf 89' lang='lat'>9.</span> 
     </span>
    </p>

    <p class='ocr_par' dir='ltr' id='par_1_7' title="bbox 823 4405 876 4460">
     <span class='ocr_line' id='line_1_25' title="bbox 823 4405 876 4460; baseline 0 -22"><span class='ocrx_word' id='word_1_180' title='bbox 823 4417 843 4460; x_wconf 78' lang='lat' dir='ltr'>B</span> <span class='ocrx_word' id='word_1_181' title='bbox 859 4405 876 4438; x_wconf 58' lang='grc'>1</span> 
     </span>
    </p>
   </div>
   <div class='ocr_carea' id='block_1_5' title="bbox 0 0 1916 5094">
    <p class='ocr_par' dir='ltr' id='par_1_8' title="bbox 0 0 1916 5094">
     <span class='ocr_line' id='line_1_26' title="bbox 0 0 1916 5094; baseline 0 0"><span class='ocrx_word' id='word_1_182' title='bbox 0 0 1916 5094; x_wconf 95' lang='lat' dir='ltr'> </span> 
     </span>
    </p>
   </div>
  </div>
 </body>
</html>
