3788 5092
900 1103 1317 1208 COTYAION.

964 1319 1043 1374 rure.
1061 1292 1259 1374 rdrn'r'nn.

415 1497 441 1563 I.
463 1500 498 1564 A
513 1499 631 1566 Pnrrtro
645 1509 834 1564 memoretur
845 1494 1001 1586 Cotysiou
1012 1495 1094 1563 inter
1109 1497 1225 1586 oppida
1236 1495 1401 1584 Phrygiae3
1416 1513 1447 1560 v.
1460 1499 1511 1561 tl.
1528 1497 1555 1559 l.
1598 1495 1633 1559 A
1646 1493 1810 1568 Strabone,

415 1605 450 1669 in
465 1625 524 1669 xrr.
540 1611 570 1670 8.
583 1629 612 1693 p.
623 1607 674 1674 tl.
687 1605 736 1682 Τ.,
751 1628 825 1671 cum
836 1603 954 1669 Azanis
968 1603 1149 1690 ceterisque,
1161 1617 1198 1668 ut
1208 1602 1357 1690 Phrygiae
1371 1613 1428 1682 τῆς
1442 1607 1603 1680 ἐπικτήτου
1614 1601 1694 1683 (he.
1706 1605 1812 1666 adsci-

415 1716 504 1790 titiae,
519 1712 571 1779 vel
590 1712 675 1778 utin
694 1737 724 1801 p.
734 1714 796 1790 63„
811 1717 940 1800 μικρᾶς)
959 1711 1066 1790 πόλις.
1090 1735 1139 1799 cp.
1155 1707 1288 1776 Ptolem.
1303 1731 1334 1774 v.
1353 1715 1382 1775 2.
1425 1707 1526 1797 Apud
1542 1707 1715 1796 Scriptores
1731 1709 1812 1774 etin

416 1814 552 1885 nummis
567 1818 660 1886 obvia
675 1823 838 1897 κοτιᾶειον,
855 1831 998 1897 correcte,
1013 1831 1141 1883 notente
1157 1811 1324 1882 Hurduino
1340 1816 1379 1881 ad
1394 1815 1452 1880 loc.
1468 1815 1525 1881 eit.¹
1535 1813 1641 1880 Plinii.

480 1925 567 1991 Inter
580 1927 673 1991 urbes
687 1923 1015 2015 regionisAnsddlicae
1030 1924 1203 2013 principem
1213 1923 1316 1988 locum
1327 1921 1603 1997 obtinetmttatet,
1619 1941 1811 2005 quamquem

415 2055 474 2098 nec
498 2056 571 2098 cum
594 2034 695 2097 Izmtr
709 2053 768 2098 nec
783 2033 908 2120 Anydrt
932 2031 1160 2121 aequiparande,
1184 2045 1294 2120 utpote
1317 2029 1460 2096 Pr'aefecti
1481 2026 1608 2096 Tumici
1625 2025 1709 2120 (ὅ,
1732 2015 1809 2128 ἐς.)

415 2141 512 2206 sedes,
567 2139 648 2205 Satis
671 2151 777 2204 tamen
806 2137 910 2226 ample
938 2151 992 2215 est,
1019 2137 1162 2224 aedesque
1192 2136 1319 2202 meliore
1347 2147 1498 2223 sppsrstu
1520 2133 1684 2197 instructas
1714 2151 1811 2213 quam

416 2244 450 2310 in
467 2244 610 2332 plurimis
625 2242 753 2308 ditionis
768 2241 1042 2307 erhsmmedsnae
1062 2241 1211 2306 tractibus
1233 2240 1411 2329 conspicere
1434 2252 1489 2305 est.
1536 2236 1599 2303 Sed
1613 2233 1809 2324 paucissima,

415 2351 476 2416 nisi
491 2350 525 2415 in
540 2349 655 2438 palatio
675 2347 822 2438 prefecti,
838 2346 972 2436 vestigia
991 2346 1050 2410 aevi
1073 2346 1212 2412 cultioris
1235 2359 1409 2434 supersunt.
1455 2342 1631 2425 Quaersnds
1645 2341 1713 2406 haec
1737 2352 1811 2404 suut

416 2459 498 2523 inter
517 2470 720 2523 monuments
743 2455 935 2544 sepulcralis,
950 2455 1120 2542 praesertim
1136 2479 1205 2542 quae
1228 2455 1309 2532 urbi,
1329 2452 1571 2541 septentrionem
1591 2471 1707 2524 versus,
1723 2445 1810 2532 adje-

416 2578 497 2643 cent,
513 2588 626 2652 nempe
636 2563 811 2651 fragments
829 2561 1054 2639 columnarum,
1070 2561 1287 2650 epistyliorum
1307 2584 1437 2636 coronae,
1453 2557 1570 2634 altaris,
1586 2579 1655 2643 quae
1671 2553 1810 2618 tumulos

417 2669 531 2757 passim
546 2683 658 2758 tegunt
672 2683 853 2758 ornantque,
869 2668 1005 2758 plurima
1019 2670 1166 2756 equidem
1181 2679 1295 2734 ornatu
1311 2664 1482 2734 recentiore
1501 2677 1655 2752 cooperte,
1672 2660 1810 2727 dixerim

418 2773 522 2860 potius
536 2772 653 2839 violate
664 2778 672 2838 l

481 2877 640 2964 Exempla
654 2877 887 2944 consuetudinis
900 2877 1032 2966 hujusce
1055 2892 1173 2958 extent,
1194 2878 1278 2944 utin
1294 2878 1493 2956 Al-Hissdr,
1512 2878 1556 2944 sic
1575 2877 1610 2944 in
1630 2879 1810 2946 coemeterio

417 2982 502 3048 unde
526 2982 688 3068 sequentis
701 2983 807 3049 hebui.
852 2984 994 3073 Insignis
1008 2985 1240 3062 Armeniorum,
1265 2985 1412 3071 titulique
1438 3007 1579 3050 sermone
1600 3008 1710 3050 eorum
1733 3010 1809 3052 con·

417 3087 534 3178 scripti,
550 3089 708 3176 permixte
721 3113 794 3155 cum
810 3090 936 3168 Graecis,
949 3090 1112 3177 utriusque
1126 3091 1287 3157 marmoris
1301 3091 1412 3157 faciem
1428 3090 1610 3156 deformant.

785 3225 803 3260 1
891 3224 910 3261 Ι
997 3223 1016 3260 Ι
1104 3223 1123 3260 Ι
1211 3223 1229 3260 fl
1317 3223 1335 3257 1
1423 3222 1442 3259 Ι

483 3305 526 3370 Π.
550 3304 652 3369 Tituli
667 3329 745 3390 quos
765 3304 912 3393 descripsi
932 3304 1081 3393 insculpti
1098 3303 1222 3370 fueraut
1244 3303 1328 3369 saxis
1351 3301 1574 3391 sepulcralibus
1587 3302 1713 3370 familiae
1730 3304 1812 3372 inter

418 3410 616 3498 Cotyaeenses
630 3409 817 3497 insignioris,
838 3433 951 3497 nempe
967 3410 1172 3497 Latyporum.
1213 3407 1430 3473 Memorsntur
1442 3407 1694 3486 Andromachus,
1711 3410 1809 3489 Zelss,

417 3536 461 3580 ex
475 3511 623 3600 Lstypis3
645 3511 751 3578 Nanas
776 3511 951 3590 conditrix3
974 3511 1172 3600 Apollonius,
1192 3511 1328 3590 Asalius,
1344 3511 1481 3589 Proteos,
1497 3512 1613 3590 Tetiss
1629 3527 1688 3580 etc.
1704 3516 1810 3602 juncti

419 3644 535 3699 omnes,
559 3620 754 3698 crediderim,
779 3619 915 3684 vinculis
934 3617 985 3684 vel
1009 3616 1286 3706 consanguinitatis
1309 3616 1360 3682 vel
1387 3616 1552 3694 affinitatis,
1574 3634 1609 3682 ut
1632 3619 1710 3685 adeo
1729 3621 1811 3707 juris

418 3725 585 3814 sepulturae
595 3725 630 3790 in
644 3723 863 3802 monumentis,
875 3723 941 3789 sine
953 3723 1057 3810 sliqus
1070 3725 1283 3813 τυμβωρυχίᾳ
1293 3723 1383 3802 facts,
1399 3749 1505 3790 omnes
1517 3724 1584 3790 fieri
1599 3743 1725 3816 possent
1739 3756 1809 3820 par.

420 3833 539 3921 tieipes.

483 3935 608 4004 Nomen
625 3946 775 4006 ΝΑΝΑΣ
793 3937 828 4002 in
842 3937 890 4003 tit.
907 3957 949 4002 xn
964 3939 1099 4004 occurrit
1117 3951 1149 4005 et
1167 3937 1200 4003 in
1215 3937 1432 4026 Wslpolienis,
1448 3941 1600 4004 Itinerur.
1615 3965 1646 4028 p.
1657 3945 1732 4011 557.
1752 3966 1810 4008 nec

419 4043 577 4109 diversum
596 4063 663 4112 erat
676 4069 791 4112 nomeu
806 4047 891 4133 quod
905 4046 940 4110 iu
956 4045 1084 4113 Tloensi
1100 4047 1258 4113 Fellowsii
1276 4048 1422 4124 cernitur,
1438 4048 1498 4114 viz.
1513 4069 1596 4114 oxu.
1616 4054 1642 4114 l.
1687 4048 1809 4138 Mythi-

419 4173 492 4216 cum
515 4173 606 4238 porro
628 4165 694 4216 eret
712 4151 794 4218 inter
809 4153 951 4241 Phryges
965 4152 1065 4230 Naue,
1089 4168 1126 4219 ut
1148 4178 1190 4220 ex
1209 4153 1315 4219 fabule
1333 4153 1454 4218 Attidis
1470 4154 1617 4220 discimus
1634 4155 1669 4220 in
1688 4156 1808 4222 Amob.

420 4257 493 4320 adu.
508 4257 603 4323 Gent.
619 4275 641 4320 1.
654 4259 715 4334 24„
727 4277 758 4322 v.
772 4261 842 4326 159.
886 4255 984 4332 Muris
999 4281 1123 4337 nomen,
1139 4264 1157 4328 ὁ
1173 4260 1281 4337 νᾶνος,
1297 4259 1368 4326 obv.
1384 4259 1418 4324 in
1429 4260 1767 4339 Athenae0,x111.ott.
1782 4287 1810 4330 e.
