3788 5092
110 475 249 534 lusos.
266 469 556 552 xxxv1.,xxxv11.]
709 460 986 528 KIRKAGADJ.

428 638 478 717 δὶς
492 636 588 726 *saion
604 637 728 706 ἶουλίου
743 634 931 722 πατερκλοῦ,
948 634 1069 719 πατρὸς
1082 630 1176 710 ἰδίου,
1193 633 1257 700 ἀπὸ
1272 636 1336 700 τῶν

638 871 782 931 VARIAE
804 869 1037 929 LECTIONES.

121 1007 178 1056 et
192 994 339 1080 ἄρχουσα
354 1005 386 1056 et
402 992 590 1080 ἀρχιέρεων,
606 1015 719 1090 nempe
738 1001 794 1069 τῆς
810 991 913 1066 ὁσίας,
930 989 1076 1078 legeram.
1121 985 1352 1085 Commendent
1373 1010 1405 1050 se
1427 998 1540 1084 cuncto

122 1092 211 1144 tarn
234 1103 277 1144 ex
301 1078 463 1143 annalibus
487 1102 581 1164 quem
609 1101 651 1143 ex
667 1091 728 1142 trtt.
748 1076 1029 1161 notissimis—(3.)
1052 1075 1184 1141 Initium
1206 1096 1368 1139 murmons
1381 1072 1472 1137 fructi
1488 1071 1538 1135 vol

409 1310 730 1370 ANNOTATIONES
752 1312 926 1370 CRITICAE
946 1312 999 1370 ΕΤ
1019 1310 1272 1369 EXEGETICAE.

136 1438 225 1503 tum,
236 1427 442 1512 αὐτοκράτορι
454 1434 575 1514 καίσαρι
587 1435 725 1514 τραϊανῷ
736 1427 822 1515 ἆὸρι-
907 1429 991 1492 Ibid.
1001 1428 1178 1516 Ἄρχοντα.
1200 1425 1442 1492 Consistendum
1457 1435 1489 1490 et
1502 1423 1538 1488 in

140 1533 375 1617 ανῷ,ὀλυρπῖῳ
384 1539 432 1600 καὶ
442 1535 820 1622 κτίπρ.Ιίἰηανον.ρ.345.
864 1530 923 1597 hoo
945 1545 1032 1618 perte
1047 1529 1128 1594 duxi
1151 1529 1187 1593 in
1211 1529 1304 1595 titulo
1327 1529 1535 1618 imperatorio.

193 1633 279 1698 Hine
294 1632 505 1718 conjecturam
518 1641 626 1720 (quem
637 1649 742 1700 temen
757 1659 822 1700 non
865 1637 944 1702 Erat
958 1635 1137 1701 Hadrianus
1152 1634 1307 1717 (nondum
1326 1659 1400 1701 vero
1419 1658 1537 1722 purpu-

152 1741 261 1826 probo)
276 1740 395 1827 ceperit
418 1741 488 1826 quis
502 1741 595 1807 fuisse
610 1741 728 1806 duliam
743 1765 821 1829 pree·
864 1767 930 1808 rem
941 1747 1136 1829 assequutus)
1142 1741 1177 1806 in
1186 1741 1398 1806 Archontium
1407 1766 1537 1807 numero

152 1844 247 1909 sidem
263 1847 459 1933 (ἄρχουσαν)
476 1844 621 1910 ludorum
636 1859 821 1910 conventus·
865 1850 905 1915 ab
920 1847 1167 1914 Atheniensibus
1190 1847 1312 1925 relatus,
1334 1847 1440 1913 Nerva
1458 1849 1536 1914 Tru·

154 1972 210 2032 que
220 1948 519 2014 Pau-helleniorum.
543 1949 744 2038 Dignitstum
755 1975 821 2017 eer-
859 1955 937 2040 jano
951 1969 983 2021 et
993 1956 1015 2020 J
1017 1955 1081 2020 ulio
1092 1954 1243 2020 Africano
1255 1954 1340 2019 Coss.
1352 1954 1428 2020 Vid.
1444 1954 1536 2042 Spar·

154 2067 182 2118 te
200 2054 381 2140 hujusmodi
401 2055 567 2143 participes
585 2056 673 2122 feotae
697 2059 822 2123 suntin
866 2060 940 2125 tien.
950 2081 1019 2125 x1x.
1032 2084 1154 2125 necnon
1167 2060 1332 2148 Phlegont.
1343 2060 1492 2126 Trallisn.
1502 2063 1536 2128 in

154 2160 340 2225 nobiliorum
352 2161 420 2226 loco
440 2179 529 2241 nates,
547 2177 583 2228 ut
597 2177 684 2250 petet
702 2187 744 2230 ex
760 2163 821 2228 titt.
867 2166 994 2233 Salmas.
1010 2166 1051 2232 sd
1064 2166 1123 2232 loo.
1139 2166 1237 2252 ejusd.
1253 2190 1284 2253 p.
1296 2172 1347 2231 34.
1363 2190 1389 2232 e.

153 2289 200 2330 ex.
216 2291 243 2332 o.
260 2266 431 2354 Myle-sensi
449 2268 484 2332 in
503 2269 645 2334 Fellorvs.
666 2292 701 2335 11.
722 2290 821 2334 sxxx.
907 2270 1004 2336 Notat
1018 2293 1093 2336 vero
1104 2270 1188 2335 idem
1203 2269 1370 2334 Salmasius
1380 2275 1484 2357 (pto.
1494 2275 1536 2354 e.)

154 2395 180 2458 p.
193 2374 244 2437 68.
287 2373 459 2460 Aphrodis.
475 2377 549 2439 ibid.
565 2396 628 2440 nv.
645 2380 693 2439 14.
864 2377 1062 2442 Hadrianum
1074 2377 1133 2441 hoe
1145 2375 1328 2463 magistratu
1338 2375 1537 2442 functumfu-

194 2478 257 2545 Sed
270 2479 502 2544 consistendum
522 2495 577 2556 est,
593 2477 712 2566 opinor,
728 2476 763 2541 in
781 2475 821 2542 ti-
864 2483 922 2549 isse
933 2483 1069 2569 Trajano
1081 2503 1125 2546 vu
1137 2496 1169 2546 et
1180 2480 1255 2546 Tito
1266 2480 1378 2547 Sextio
1387 2480 1538 2548 Africano

154 2585 216 2649 tulo
237 2584 446 2672 imperatorio,
471 2583 526 2670 qui
552 2609 571 2650 a
590 2584 707 2650 Graeeis
721 2583 823 2648 fuerat
865 2586 961 2663 Coss,
975 2585 1006 2650 h.
1016 2609 1043 2650 e.
1059 2608 1141 2649 anno
1153 2581 1282 2669 Trejsui
1298 2596 1399 2647 x1vt0.
1436 2584 1538 2649 Immo

153 2688 279 2753 collatus
288 2687 556 2775 propterinsignis
564 2696 618 2756 τοῦ
629 2689 824 2776 φιλέλληνος
866 2705 932 2759 eret
946 2706 1051 2770 xvtus,
1067 2705 1103 2756 ut
1118 2691 1209 2756 festos
1224 2689 1403 2778 inspicienti
1418 2706 1538 2756 consta·

154 2791 270 2869 merita,
290 2793 330 2856 ob
350 2815 444 2877 quam
468 2815 593 2857 oausam
616 2805 649 2857 et
670 2791 823 2880 templum
865 2799 933 2865 bit:
967 2823 1025 2865 neo
1053 2797 1207 2885 collegam
1232 2811 1309 2884 puto
1339 2796 1538 2884 Imperatoris

154 2897 408 2964 Pan-hellenium
431 2900 591 2964 struebant
615 2898 649 2963 in
672 2897 823 2964 honorem
865 2901 938 2968 satis
959 2917 1043 2968 reete
1062 2903 1198 2990 positum
1220 2926 1239 2967 α
1260 2899 1328 2966 viro
1349 2901 1537 2967 doctissimo.

155 3003 315 3080 Hadriani,
331 3002 457 3069 indictis
472 3018 620 3092 praeteree
630 3004 715 3070 festis
725 3003 822 3070 ludis·
865 3005 955 3070 Alias
970 3005 1037 3070 vidi
1053 3005 1092 3070 T.
1111 3004 1198 3070 Sext.
1211 3005 1376 3070 Bolanum.

154 3134 211 3195 que
227 3109 414 3174 solennibus.
908 3111 959 3177 De
981 3111 1067 3178 hisee
1091 3109 1173 3177 conf.
1189 3109 1285 3176 Dion.
1301 3113 1391 3175 Hirt.
1411 3110 1473 3175 vol.
1492 3110 1535 3175 iv.

192 3214 291 3281 Notat
299 3215 467 3280 Pausanias
478 3240 584 3282 eurum
595 3216 745 3283 eximiam
755 3216 821 3282 Ha·
864 3241 895 3304 p.
915 3222 983 3282 105.
1005 3216 1147 3282 Teuohn.
1168 3216 1294 3280 Histor.
1308 3218 1419 3303 Antiq.
1444 3218 1536 3282 Unio.

153 3321 252 3388 driuni
266 3322 349 3388 eires
370 3322 491 3388 oultum
505 3324 594 3389 lovis
609 3323 821 3389 Pan-hellenii
864 3320 936 3386 Lib.
948 3319 993 3385 iii.
1011 3325 1061 3384 20.
1077 3343 1108 3406 p.
1117 3323 1192 3383 584.

152 3425 225 3491 in1.
245 3431 294 3491 18.
316 3429 345 3493 9.
367 3449 502 3511 quocum
528 3426 608 3492 conf.
625 3427 756 3493 Casaub.
781 3427 821 3493 sd
907 3424 962 3488 Ex
970 3423 1258 3490 tituloAtheniensi
1269 3425 1430 3490 subortum
1439 3425 1537 3491 fateor

153 3532 304 3620 Spartisn.
321 3532 428 3596 Hadr.
444 3557 474 3620 p.
492 3534 520 3600 7.
536 3539 566 3597 4.
612 3536 725 3598 Totum
741 3535 822 3599 illud
864 3529 1047 3618 suspicionis
1056 3529 1176 3618 aliquid
1185 3530 1224 3596 de
1233 3530 1333 3618 patrio
1341 3531 1416 3617 ejus,
1423 3554 1537 3619 nempe

143 3641 259 3723 funum
270 3645 325 3722 (so.
336 3638 494 3727 Olympii)
503 3664 562 3704 οοο
578 3623 676 3704 minus
691 3642 737 3704 ad
747 3641 820 3704 Ha·
863 3660 999 3703 marmor
1012 3636 1106 3704 fuisse
1125 3638 1291 3704 advectum
1310 3662 1353 3705 ex
1367 3639 1504 3705 Athenis
1518 3663 1538 3706 a

150 3745 256 3808 driani
269 3745 414 3807 bonorem
424 3749 583 3828 pertinuit
598 3769 690 3832 quum
707 3748 818 3812 Jovir:
865 3744 1001 3830 quodum
1015 3744 1085 3811 eive
1100 3743 1200 3830 quiin
1213 3743 1321 3810 Asiam
1336 3744 1535 3834 immigrave·

143 3853 213 3936 fuit
239 3854 319 3915 enim
344 3853 389 3915 ibi
408 3862 568 3916 extructus
587 3857 643 3940 qui
656 3855 821 3917 dicebatur
864 3864 921 3917 rat.
948 3849 1021 3917 Non
1035 3864 1140 3917 temen
1154 3850 1247 3918 eredo
1256 3851 1382 3929 sectum,
1394 3853 1449 3918 sed
1462 3875 1536 3919 eum

151 3962 246 4039 σηκὸς
264 3959 490 4038 πανελλήνιος,
507 3961 591 4024 locus
611 3962 821 4046 amplissimus
865 3958 1061 4047 praeoedente
1075 3958 1110 4022 in
1124 3981 1255 4023 numero
1271 3957 1536 4026 Stratonieeorum

152 4067 321 4130 Hadriano
347 4076 554 4142 consecratus,
577 4069 693 4130 statuis
720 4069 820 4152 reple·
865 4088 930 4129 esse
949 4063 1181 4140 recensendum,
1198 4077 1230 4129 et
1249 4089 1268 4130 ο
1286 4063 1404 4130 colonis
1424 4066 1534 4132 advec-

151 4183 200 4236 tus
225 4194 305 4258 quas
332 4171 380 4234 illi
405 4172 495 4234 urbes
518 4173 650 4237 Groecioe
677 4173 821 4235 certatim
865 4187 932 4238 tum
944 4173 1038 4239 fuisse
1050 4172 1105 4259 qui
1120 4172 1154 4236 in
1166 4172 1270 4261 Lydia
1284 4173 1371 4240 sedes
1386 4175 1536 4262 quaesive·

146 4287 328 4364 posuerant.
864 4291 943 4340 runt.

814 4387 870 4454 02
