3788 5092
423 423 481 488 162
842 415 1121 484 AUCTARIUM
1142 415 1381 483 NOTARUM.

413 593 544 679 judicat,
569 615 662 678 seque
681 591 785 680 potius
807 589 847 656 ed
866 590 1003 656 Dionem
1019 589 1326 678 Chrysostomum(a)
1342 587 1469 666 confert,
1493 611 1536 655 ex
1553 587 1610 654 illo
1632 602 1818 676 speraturus

417 700 629 788 cognitionem
644 699 743 788 megis
757 697 919 765 definitam
930 696 1011 785 juris
1026 697 1271 785 Metropolitani.

483 806 562 873 Haeo
571 807 707 896 dignitas
716 807 961 896 Metropolitana
974 807 1075 872 omnis
1086 805 1204 872 exinde
1214 805 1368 894 profluxit
1379 805 1464 892 quod
1474 805 1509 869 in
1520 805 1628 893 primis
1638 806 1817 871 extiterant

418 916 547 979 Matres
567 916 720 980 Civitates
745 939 762 980 e
782 939 914 1002 querum
928 915 999 979 sinu
1019 915 1100 980 exiit
1114 914 1215 1002 proles
1230 938 1300 1000 qna
1322 913 1436 991 adeas,
1451 927 1601 999 tanquam
1616 912 1813 989 Genetrioes,

418 1021 567 1108 respicere
582 1021 709 1100 solebat,
724 1021 918 1108 honoresque
930 1019 1057 1087 deferre.
1104 1019 1157 1086 Sic
1171 1019 1211 1086 ed
1224 1019 1412 1086 Corinthum
1422 1019 1588 1109 Corcyraei,
1603 1018 1643 1085 ad
1658 1019 1813 1084 Rhodum

418 1126 630 1214 Agrigentini,
653 1139 690 1190 ut
712 1139 832 1191 taceam
854 1123 1009 1190 infinitam
1032 1134 1183 1211 nepotum
1206 1122 1331 1188 turbam
1353 1145 1448 1208 quam
1469 1122 1647 1188 habuerunt
1661 1121 1809 1187 Athenae.

419 1233 587 1322 Progressu
615 1257 690 1300 vero
719 1233 877 1322 temporis,
903 1247 936 1299 et
964 1232 1191 1321 imperantibus
1216 1231 1374 1309 Romanis,
1402 1243 1529 1297 auctum
1557 1233 1592 1297 in
1619 1231 1811 1297 immensum

418 1339 561 1405 videmus
590 1339 766 1427 catalogum
795 1338 958 1406 civitatum
982 1364 1051 1427 qua
1077 1340 1210 1406 honores
1236 1353 1372 1404 matrum
1400 1338 1527 1405 urbium
1554 1339 1614 1405 sibi
1638 1338 1809 1405 ambibunt.

419 1444 622 1510 “Nimirum'’
637 1451 687 1530 (ut
701 1446 849 1512 Eclrhelii
863 1447 966 1514 verbis
986 1450 1123 1532 utar)(b)
1140 1459 1241 1514 “cum
1260 1447 1352 1512 urbes
1375 1469 1448 1512 vere
1470 1459 1583 1511 matres
1603 1458 1667 1510 tam
1681 1459 1811 1532 propter

418 1565 613 1631 vetustatem,
625 1577 719 1641 quem
730 1555 843 1622 sobolis
857 1556 1101 1634 multitudinem,
1115 1555 1236 1644 magnis
1246 1555 1342 1645 vulgo
1354 1554 1498 1621 leudibus
1512 1553 1705 1629 efferrentur,
1717 1553 1810 1618 urbes

419 1656 559 1734 noviciae,
583 1659 638 1724 sed
658 1659 769 1748 opibus
794 1685 830 1726 ac
853 1662 993 1748 potentie
1017 1663 1201 1751 conspicuae,
1227 1659 1334 1749 quales
1358 1661 1444 1728 fuere
1461 1661 1603 1750 Smyrna,
1623 1661 1808 1736 Antiochia,

418 1763 611 1843 Nicomedia,
627 1766 763 1833 dedecus
785 1790 877 1832 suum
900 1767 1062 1845 arbitrata,
1082 1768 1117 1845 si,
1134 1768 1219 1854 quod
1233 1781 1329 1846 erant,
1351 1768 1468 1834 steriles
1491 1781 1684 1844 vocarentur,
1700 1769 1810 1834 matris

418 1896 532 1938 nomen
546 1873 715 1940 immodica
729 1887 890 1964 coeperunt
909 1874 1079 1942 ambitione
1094 1875 1257 1952 adfectare,
1273 1899 1337 1941 non
1351 1873 1531 1941 difficilibus
1555 1873 1595 1938 ad
1609 1873 1676 1939 haec
1700 1897 1809 1940 eorum

418 1993 491 2046 vota
505 1981 663 2060 Romanis,
679 1995 798 2049 etcum
812 1983 880 2050 fieri
894 1997 1023 2071 poterat,
1040 1983 1258 2062 adnuentibus,
1275 1981 1331 2069 qui
1345 1981 1446 2048 ridere
1465 1980 1606 2046 solebant
1618 1978 1728 2067 inepta
1741 1981 1809 2046 haeo

419 2086 599 2151 Graecorum
614 2086 776 2164 desideria,
792 2099 825 2152 et
843 2110 938 2152 vanas
952 2087 1008 2152 has
1027 2087 1067 2153 de
1086 2087 1275 2154 excellentia
1293 2086 1508 2153 contentiones
1526 2109 1638 2151 vocare
1658 2086 1808 2163 ἑλληνικὰ

418 2193 630 2277 ἁμαρτήματα,
645 2199 722 2257 etc.”
764 2189 832 2256 Nec
847 2191 951 2256 minus
965 2189 1041 2256 salse
1056 2190 1090 2255 in
1102 2190 1338 2280 Epigrammata
1352 2190 1488 2255 irrisorio
1503 2189 1750 2274 Ammianus(e)‚

692 2342 799 2408 Ἔστω
813 2341 1013 2429 μητρόπολις
1026 2348 1154 2427 πρῶτον
1169 2341 1277 2419 πόλις,
1294 2341 1357 2407 εἶτα
1372 2337 1513 2426 λεγέσθω

704 2448 922 2534 Μητρόπολις·
938 2451 980 2532 μὴ
996 2453 1064 2524 νῦν,
1079 2446 1259 2533 ἡν1καμηδέ
1274 2447 1379 2523 πόλις.

481 2590 644 2656 Judicium
666 2594 809 2682 relinquo
828 2595 995 2661 lectoribus
1015 2596 1054 2660 de
1078 2597 1257 2682 conjectura
1272 2595 1429 2674 Eckhelii,
1450 2619 1519 2683 quae
1542 2595 1622 2660 mihi
1645 2595 1809 2684 ingeniosa

418 2696 499 2771 satis,
515 2697 569 2762 sed
583 2699 773 2786 argumentis
788 2723 852 2764 non
866 2701 982 2787 pariter
996 2700 1108 2766 validis
1123 2702 1248 2768 videtur
1262 2702 1391 2779 firmata,
1407 2726 1530 2790 nempe,
1545 2717 1659 2769 restare
1678 2704 1808 2772 alteram

418 2802 675 2889 significationem
699 2804 792 2882 tituli,
817 2808 930 2872 Urbem
947 2808 1079 2881 Matris,
1103 2805 1138 2871 id
1152 2819 1206 2884 est,
1223 2805 1442 2895 Dindymenae,
1464 2806 1638 2895 (Cybeles),
1654 2832 1697 2874 ex
1717 2813 1809 2898 eujus

418 2905 506 2971 cultu
519 2905 655 2970 inditum
677 2906 844 2993 aliquando
866 2932 980 2974 nomen
995 2909 1097 2974 fuisse.
1142 2909 1251 2976 Verba
1272 2911 1340 2996 ejus
1362 2926 1450 2977 sunt:
1473 2912 1586 2977 “Cum
1600 2917 1809 3004 metropoleos

416 3009 619 3098 magnificum
640 3009 768 3074 titulum
785 3011 820 3076 in
841 3012 944 3078 numia
959 3013 1077 3099 jactare
1099 3015 1242 3081 videmus
1264 3019 1355 3084 urbes
1377 3031 1431 3084 aut
1453 3020 1606 3099 obscuras,
1621 3035 1676 3086 aut
1697 3024 1808 3091 saltem

417 3141 480 3181 non
495 3117 562 3202 ejus
576 3116 712 3196 rationis,
728 3133 962 3208 propterquam
984 3135 1039 3187 eut
1053 3124 1127 3189 urbs
1149 3137 1248 3190 mater
1266 3137 1321 3190 aut
1339 3126 1441 3213 prima
1454 3126 1623 3213 provinciae
1639 3128 1702 3195 dici
1718 3155 1808 3218 posse

416 3225 568 3304 videatur,
584 3250 746 3314 possumus
767 3229 924 3317 suspicari,
940 3229 1080 3318 epitheto
1101 3233 1307 3321 metropoleos
1325 3232 1562 3320 intelligendam
1584 3235 1693 3300 urbem
1710 3235 1808 3304 Matri

417 3332 536 3420 Cybele
552 3333 774 3418 devotam”(d).
819 3337 870 3400 En
894 3335 1135 3403 misericordiam
1159 3339 1244 3404 docti
1265 3339 1326 3404 viri
1351 3339 1385 3403 in
1401 3339 1616 3405 Graeculorum
1639 3342 1809 3410 vanissima

417 3443 563 3531 ingenia!
608 3442 679 3510 Hoc
694 3442 850 3530 equidem,
874 3457 1026 3531 quatenus
1041 3443 1080 3510 de
1102 3449 1269 3529 nomine(e)
1285 3469 1385 3510 senno
1401 3445 1450 3522 sit,
1464 3445 1701 3512 concedendum
1722 3473 1807 3527 reor;

457 3616 739 3693 (a)Oratt.xxx1v.
762 3639 790 3695 p.
810 3621 885 3687 427,
910 3635 1044 3676 xxxvrrr.
1059 3638 1087 3695 p.
1132 3618 1207 3676 Plin
1223 3637 1252 3678 v.
1268 3623 1314 3683 29.
1329 3623 1371 3688 4.;
1392 3619 1513 3677 Ptolem.
1530 3637 1558 3677 v.
1573 3624 1600 3677 2.
1641 3619 1804 3700 Mavpa‘maa

419 3714 485 3778 477.
1132 3723 1252 3799 φρυγίις,
1271 3726 1322 3781 eia-l
1345 3725 1388 3786 τίἶς
1408 3725 1500 3800 μητρὶς
1522 3723 1569 3780 τῧν
1591 3725 1644 3780 θιὸι
1658 3729 1802 3796 alserada,

459 3813 499 3890 (b)
514 3813 712 3872 Doctr.Num.
726 3815 834 3872 rol1v.
848 3813 953 3892 p.277.
1131 3820 1229 3898 inquit
1247 3821 1421 3899 Stephanus,
1443 3830 1498 3880 eto
1519 3821 1554 3880 of.
1575 3823 1644 3882 Not
1659 3825 1804 3885 Harduin.

459 3910 498 3989 (c)
512 3913 610 3990 Epigr.
635 3932 687 3972 vn.
709 3914 740 3971 in
762 3915 893 3973 Analect.
915 3917 964 3973 Br.
987 3917 1042 3974 vol.
1058 3934 1087 3973 11.
1132 3918 1162 3975 in
1176 3919 1251 3977 Plin
1266 3939 1296 3976 u.
1310 3939 1332 3977 e.

421 4030 448 4086 p.
461 4009 526 4068 386.
1171 4017 1252 4076 Idem
1279 4017 1426 4076 declarant
1452 4019 1563 4075 nummi
1588 4019 1623 4078 de
1650 4021 1803 4102 Metropoli

461 4106 507 4184 (d)
520 4108 619 4167 Doctr.
631 4111 668 4168 N.
682 4112 788 4171 vol.1v.
802 4133 830 4190 p.
842 4117 908 4174 281.
1132 4117 1229 4186 Ionia,
1249 4127 1285 4175 ut
1302 4117 1400 4176 videre
1421 4124 1465 4175 est
1484 4117 1515 4174 in
1529 4118 1648 4178 Eekhel.
1663 4124 1719 4181 vol.
1734 4141 1764 4181 n.
1777 4143 1801 4200 p.

461 4201 503 4282 (e)
516 4205 648 4283 Exempl.
662 4227 685 4265 o.
707 4209 876 4289 Metropolis
889 4224 1045 4274 memorata
1058 4218 1089 4274 in
1132 4219 1198 4276 530.
