3818 5094
407 455 466 516 104
813 447 1170 535 QINscRIPTIONus
1194 450 1384 517 GRAEcAE.
1577 451 1699 532 [rusca.
1717 473 1807 516 xrvr.

808 689 959 708 ......
974 631 995 707 ὁ
1015 623 1102 713 τοὺς
1123 631 1265 715 εὐνοίας

806 820 1015 837 ........
1031 793 1074 843 ας
1094 758 1302 863 συνεργούς

673 986 996 1047 ANNOTATIONES
1019 987 1193 1046 CRITICAE
1214 989 1266 1047 ΕΤ
1287 989 1539 1048 EXEGETICAE.

407 1107 506 1184 οὔσης
522 1107 553 1174 δὲ
576 1114 646 1185 περὶ
670 1109 775 1173 αὐτῶν
791 1102 889 1181 δόξης
904 1102 1085 1190 ὁμολογοο-
1124 1105 1272 1190 junctum
1295 1104 1397 1170 fuerat
1419 1105 1600 1182 Decretum,
1630 1105 1722 1192 cujus
1741 1105 1811 1172 haec

407 1217 512 1296 μένης,
528 1211 608 1280 διότι
629 1214 784 1299 γεγόνασι
799 1213 929 1278 πάντων
951 1213 1085 1276 irrevin-
1129 1227 1203 1278 sunt
1225 1214 1342 1290 verba;
1366 1213 1507 1296 νομίζων
1531 1211 1563 1281 δὲ
1585 1217 1713 1300 (nempe
1729 1211 1811 1300 Pop.

407 1347 492 1385 τατοι
514 1323 579 1386 τῶν
594 1323 643 1385 ἐπὶ
663 1327 719 1394 τῆς
740 1316 833 1392 dolce
855 1317 1086 1398 αὐτονομουμέ·
1132 1318 1274 1406 Smyrn.)
1290 1319 1465 1405 ιἰνιιγκιιῖον
1486 1319 1564 1387 εἶναι
1584 1323 1728 1408 τῇπόλει
1750 1348 1811 1386 πα-

410 1455 487 1502 νων,
518 1427 577 1491 οὐκ
610 1424 785 1510 ιἰναγκοῖον
815 1420 978 1508 ἡγούμεθα
1008 1423 1087 1489 εἶναι
1129 1423 1291 1512 palatius
1309 1431 1358 1492 καὶ
1378 1427 1415 1491 rb
1431 1427 1554 1511 χώριον
1572 1424 1811 1510 miluc-pusan-

408 1535 483 1608 τοὺς
499 1535 574 1598 κατὰ
589 1535 685 1617 μέρος
699 1527 870 1597 ἐκτίθεσθαι
885 1528 1020 1615 λόγους.
1131 1537 1215 1608 οἷον,
1239 1536 1288 1596 καὶ
1312 1528 1502 1608 ποιήσασθαι
1526 1532 1584 1608 τὴν
1606 1531 1753 1617 φυλακὴν
1773 1529 1813 1598 δι’

452 1636 533 1701 Haec
547 1659 620 1701 cum
633 1634 775 1700 Livianis
789 1632 842 1700 cit.
858 1657 941 1721 supr.
957 1655 1087 1698 consen·
1131 1635 1237 1710 αὐτοῦ,
1260 1665 1287 1702 κ.
1304 1664 1331 1700 τ.
1349 1636 1381 1700 λ.
1436 1633 1515 1698 Haeo
1545 1649 1618 1699 sunt
1646 1635 1814 1700 marmoris

409 1742 503 1807 tiunt.
548 1742 694 1806 Innatam
710 1739 859 1827 equidem
874 1738 974 1804 fateor
988 1738 1087 1826 suspi·
1132 1738 1306 1806 Oxoniens.
1319 1740 1432 1805 edente
1441 1739 1612 1818 Prideaux,
1625 1763 1656 1828 p.
1667 1744 1697 1804 4.
1715 1745 1747 1827 §§
1758 1746 1811 1809 94.

408 1843 533 1911 cionem
548 1845 677 1911 titulum
692 1859 834 1909 nostrum
849 1867 915 1909 esse
931 1843 1088 1932 fragmen·
1131 1849 1184 1913 95.

408 1965 477 2016 tum
489 1950 617 2017 Decreti
633 1950 674 2016 ad
688 1951 770 2016 hanc
784 1950 885 2037 ipsam
899 1949 1089 2038 legationem
1174 1952 1270 2018 Anne
1287 1951 1349 2018 hoc
1364 1951 1545 2039 presidium
1560 1953 1645 2018 idem
1665 1977 1739 2020 cum
1754 1951 1811 2018 illo

409 2055 586 2144 spectantis,
596 2069 629 2122 et
644 2056 806 2145 ἀγγέλους
821 2058 1009 2134 ἑλληνικοὺς
1024 2079 1088 2122 esse
1132 2056 1218 2142 quod
1228 2057 1262 2122 in
1273 2057 1386 2122 nostris
1395 2057 1511 2124 dicitur
1522 2061 1722 2146 φρούρησιςὲ
1745 2059 1810 2123 Im-

409 2163 464 2248 qui
479 2187 511 2229 se
528 2162 662 2228 Romam
681 2163 879 2229 contulerant
894 2186 936 2228 ex
951 2160 1087 2228 civitati·
1131 2158 1267 2248 positum
1286 2183 1400 2248 nempe
1415 2159 1528 2226 ditioni
1548 2161 1655 2227 liberae
1673 2161 1811 2227 civitatis

408 2274 467 2337 bus
496 2270 655 2349 Asiaticis,
682 2283 754 2360 post
779 2270 901 2337 cladem
924 2269 1088 2335 Antiocho
1132 2269 1195 2350 (cp.
1213 2261 1498 2349 Strab·1111·3·p.
1520 2266 1604 2344 145.)
1625 2287 1688 2348 quo
1712 2264 1811 2329 tutior

409 2377 537 2454 illatum,
562 2376 602 2442 ad
625 2399 674 2442 res
697 2375 937 2463 componendas,
964 2398 1087 2463 nempe,
1131 2382 1212 2434 esset
1222 2381 1330 2434 contra
1339 2367 1505 2456 Euergetis
1517 2367 1700 2434 violentiam
1712 2369 1809 2457 regio.

410 2483 617 2560 Rhodiorum,
635 2482 878 2571 Smyrnaeorum,
901 2495 1090 2548 oeterorum-
1177 2472 1339 2537 Hactenus
1355 2496 1424 2558 quae
1444 2473 1554 2538 titulus
1573 2487 1678 2538 noster
1692 2477 1809 2562 praebet

410 2613 481 2675 que,
526 2588 604 2655 Vid.
620 2612 647 2654 ρ,
662 2594 765 2654 5255,
1133 2577 1208 2643 fidei
1236 2577 1392 2643 historicae
1421 2580 1501 2644 bene
1530 2595 1718 2668 congruunt.
1762 2581 1810 2645 At

455 2693 543 2774 Quid
558 2718 633 2759 vero
648 2695 848 2760 statuendum
865 2691 963 2760 estde
974 2699 1089 2760 νθῐεΑ,
1133 2683 1212 2771 quid
1234 2684 1274 2748 tle
1297 2694 1390 2748 curia
1413 2687 1606 2771 supellectile
1630 2685 1664 2749 ln
1683 2710 1762 2752 vers.
1783 2691 1807 2749 l.

412 2800 475 2868 ἰδία
488 2798 555 2881 (vel
567 2797 715 2883 δημοσία)
728 2804 914 2888 φρούρηως,
928 2799 977 2869 διὰ
992 2817 1089 2888 φρου.
1133 2787 1401 2876 pronuntiandum
1416 2795 1485 2854 est?
1523 2788 1699 2854 Civitatum
1714 2788 1809 2877 legati

411 2911 536 2992 ρήσεως
558 2904 610 2969 vel
625 2911 863 2992 φρουρῆμιιτος,
887 2903 938 2968 vel
953 2902 1090 2988 denique
1134 2893 1191 2958 vix
1220 2905 1365 2981 poterant
1398 2893 1516 2960 eximie
1546 2893 1610 2960 dici
1639 2895 1808 2973 ἐλλοοικοὶ,

411 3009 664 3096 διοφρονρῆσαιῗ
709 3007 802 3071 Certe
818 3005 932 3083 nescio,
944 3005 1006 3070 nisi
1017 3005 1089 3070 dix·
1134 3023 1232 3086 quum
1258 3015 1291 3064 et
1313 2998 1410 3087 ipsius
1431 2998 1577 3064 Callinici
1599 2999 1809 3086 imperiume

410 3111 471 3176 eris
485 3109 641 3198 pertinere
657 3109 753 3174 verba
773 3107 813 3174 ad
827 3107 990 3195 stipatores
1004 3107 1090 3196 lega·
1134 3104 1252 3172 Grecis
1280 3103 1384 3169 fuerit.
1431 3104 1483 3169 Sic
1517 3119 1550 3169 et
1578 3103 1691 3180 Attali,
1721 3104 1809 3190 cujus

411 3227 525 3289 torum,
538 3209 590 3277 vel
604 3211 637 3275 in
654 3233 723 3276 arce
736 3210 873 3296 positum
889 3208 929 3274 ad
941 3209 1091 3274 tuendam
1134 3207 1357 3274 commercium
1379 3231 1450 3273 oum
1470 3207 1639 3295 Smymaeis
1658 3230 1808 3273 memora·

411 3321 613 3404 αὐτονομίαν,
629 3316 713 3383 bello
723 3316 884 3404 flagrante,
900 3316 1089 3404 presidium.
1134 3325 1186 3377 tur
1199 3312 1233 3376 in
1249 3312 1361 3400 Polyb.
1378 3315 1503 3376 Histor.
1520 3333 1550 3375 v.
1564 3315 1614 3380 77.

455 3425 506 3490 De
529 3423 590 3488 hoc
615 3420 709 3486 titulo
733 3420 946 3505 conjecturam
970 3417 1091 3484 dudum
1177 3419 1311 3506 Jejunus
1330 3441 1403 3484 sane
1418 3418 1537 3483 fructus
1552 3442 1594 3483 ex
1609 3417 1695 3484 hisce
1711 3419 1809 3506 peroi-

411 3526 481 3616 cepi
494 3551 537 3593 ex
551 3526 690 3592 amicitia
701 3549 770 3611 quae
783 3525 947 3604 Callinico,
958 3524 1092 3613 Magne·
1135 3524 1245 3613 pitur:
1276 3549 1334 3590 neo
1372 3525 1496 3591 uberior
1533 3548 1576 3590 ex
1601 3526 1809 3602 Pausaniaois,

412 3634 497 3700 tibus
514 3632 746 3721 Smymaeisque
769 3631 926 3709 intererat,
948 3631 983 3696 in
1005 3655 1090 3698 com·
1134 3633 1241 3696 Elioc.
1255 3655 1309 3715 μν.
1325 3637 1356 3695 8.
1372 3634 1412 3706 2.,
1428 3630 1467 3695 de
1485 3629 1656 3718 Smymaeis
1671 3631 1810 3698 societati

412 3737 596 3804 montariolo
612 3736 894 3824 anteainpraelatis
909 3751 1090 3803 memorato.
1134 3737 1250 3804 Ionicae
1271 3737 1305 3801 in
1325 3737 1474 3801 ludorum
1499 3734 1709 3802 celebratione
1725 3737 1811 3802 attri-

413 3844 599 3909 Percussum
614 3857 681 3909 erat
694 3841 796 3907 foedus
811 3867 829 3909 a
844 3843 1034 3920 civitatibus,
1050 3843 1090 3909 ad
1133 3844 1238 3909 batis:
1261 3855 1451 3929 quapropter
1472 3842 1507 3906 in
1522 3841 1672 3907 Romania
1694 3842 1809 3908 consis-

413 3949 696 4037 propugnationem
707 3962 740 4014 et
750 3949 963 4016 defensionem
978 3949 1089 4034 majes-
1132 3949 1263 4014 tendum
1275 3945 1427 4033 judicavi.

413 4051 486 4118 tatis
498 4051 644 4120 Callinici
656 4051 739 4140 regis
747 4052 844 4132 Asiae,
856 4076 929 4119 cum
941 4076 1003 4140 quo
1015 4077 1088 4119 oon-
