3750 5100
642 1091 1119 1184 KIRKAGADJ.

463 1317 644 1373 COLONlA
667 1315 873 1372 FORTASSE
897 1311 1299 1370 STRATONICENSIUM.

190 1515 385 1580 Orrmuturr
401 1511 584 1599 Ktrtaqctdj
599 1510 644 1592 (h.
657 1533 684 1574 e.
699 1511 915 1596 quadruplata
930 1509 1073 1590 arbores)
1089 1503 1250 1594 Thyatirae
1265 1519 1297 1570 et
1312 1505 1466 1592 Pergamo
1479 1501 1574 1566 inter·

186 1619 276 1703 jacet,
292 1616 425 1684 sednon
439 1617 565 1705 paribus
588 1615 768 1692 intervallis,
785 1613 831 1679 illi
851 1638 963 1701 nempe
984 1611 1126 1680 vicinior.
1170 1611 1249 1676 Adii
1265 1632 1305 1675 111
1319 1609 1388 1674 Kal.
1401 1608 1528 1675 Octobr.
1544 1619 1577 1670 et

190 1749 243 1813 pcr
255 1727 390 1792 biduum
404 1726 449 1791 ibi
464 1739 670 1791 commoratus
691 1715 814 1790 scholis
826 1723 1012 1810 templisque
1031 1719 1168 1787 visendis
1188 1719 1287 1784 otium
1309 1714 1470 1802 insumpsi.
1513 1712 1576 1775 Ar-

190 1829 284 1894 menii
308 1830 415 1893 insunt
438 1827 602 1913 Graecique
626 1827 738 1914 plures,
766 1827 880 1912 quibus
905 1825 1078 1891 sacerdotes
1101 1825 1244 1910 sedesque
1270 1844 1362 1887 sacrae
1384 1832 1576 1907 suppetunt:

191 1937 417 2025 oppidanorum
432 1959 506 2002 vero
521 1936 613 2024 longe
628 1934 768 2000 maxima
782 1957 852 2022 pars
867 1933 1122 2022 praestigiatorem
1138 1932 1335 1998 Meklranum
1350 1928 1490 1994 audiunt.

253 2043 326 2108 Non
349 2041 414 2107 ulla
437 2041 587 2129 conspexi
611 2055 813 2106 monumenta
828 2039 973 2105 felicioris
997 2040 1078 2116 aevi;
1101 2063 1167 2116 uec,
1185 2037 1286 2114 credo,
1302 2036 1418 2111 insunt,
1432 2032 1494 2097 nisi
1508 2053 1577 2117 quae

190 2171 230 2212 ex
245 2147 419 2236 longinquo
434 2145 640 2210 advehuntur.
686 2143 787 2208 Tituli
803 2142 1000 2229 antiquiores,
1013 2168 1090 2230 quos
1104 2143 1180 2222 vidi,
1193 2157 1280 2209 erant
1293 2138 1578 2208 Stratonicensium.

191 2252 421 2340 Oonjectationi
446 2251 518 2317 ideo
542 2251 628 2316 locus
652 2264 706 2326 est,
737 2249 862 2314 colonos
888 2273 929 2313 ex
954 2249 1047 2315 Caria
1068 2249 1102 2314 in
1125 2250 1206 2315 hanc
1229 2248 1389 2337 regionem
1412 2244 1578 2332 aliquando

188 2361 501 2450 migravissc‚,secum
517 2357 647 2448 originis
662 2359 849 2424 documenta
864 2357 1060 2423 advehentes.

256 2467 311 2531 Ex
325 2466 478 2554 inscriptt.
494 2490 569 2552 quas
585 2465 647 2532 adii
663 2479 804 2552 quatuor,
820 2479 881 2531 tres
895 2465 929 2530 in
940 2466 1060 2532 chartas
1074 2465 1176 2531 retuli.
1221 2465 1326 2532 Unam
1343 2486 1412 2549 quae
1426 2460 1580 2526 columnae

185 2586 341 2639 truncatae
364 2572 398 2636 in
423 2571 582 2638 venalium
603 2572 669 2637 soro
693 2571 823 2648 extanti,
839 2573 936 2658 juxte
960 2572 1078 2638 fontem
1101 2571 1273 2659 publicum,
1297 2569 1452 2655 insculpta
1469 2565 1579 2640 suerat,

184 2679 422 2747 stillicidiorum
446 2704 519 2746 casu
545 2679 622 2746 adeo
641 2679 776 2745 deletam
799 2680 916 2757 inveni,
940 2695 977 2746 ut
990 2679 1186 2746 describendi
1201 2678 1338 2744 laborem
1361 2673 1581 2763 refugiendum

177 2786 406 2868 judicaverim.
451 2785 596 2874 Vestigia
610 2809 684 2852 vero
699 2788 911 2852 monstrabant
925 2812 993 2852 eam
1007 2788 1041 2852 in
1054 2786 1234 2852 Oarioarum
1248 2807 1377 2850 numero
1392 2781 1494 2848 fuisse.

562 2917 578 2951 0
669 2917 685 2951 0
774 2917 791 2950 ἆ
881 2918 898 2952 0
987 2919 1004 2952 l
1093 2919 1110 2950 Ι
1199 2919 1216 2952 l

258 3023 284 3064 a.
309 2997 435 3062 Titulus
449 2995 638 3062 honorificus
656 3020 699 3061 ex
713 2997 780 3062 basi
795 2996 967 3062 columnari
982 3013 1090 3063 statuae
1106 2998 1286 3085 descriptus,
1298 2997 1333 3061 in
1347 2996 1426 3062 atrio
1444 2995 1581 3060 hortensi

183 3103 298 3170 Graeci
313 3102 485 3188 cujusdam,
505 3116 595 3167 extra
618 3102 770 3190 oppidum
794 3104 943 3192 superius,
955 3106 1089 3190 jacente.
1134 3105 1240 3170 Posita
1253 3107 1354 3170 fuerat
1377 3103 1528 3170 aSenatu
1551 3115 1583 3168 et

184 3209 318 3295 Populo
335 3206 599 3274 Stratoniooorum
609 3207 644 3272 in
655 3209 805 3274 honorem
817 3209 950 3275 Diodori
966 3209 1199 3294 (Philometoris
1209 3216 1236 3293 P)
1252 3211 1341 3295 cujus
1355 3222 1450 3297 pater,
1466 3209 1581 3274 Nican-

184 3317 258 3390 der,
273 3327 471 3390 memoratur,
487 3313 703 3400 eximiumque
718 3315 856 3380 studium
871 3328 903 3380 ct
917 3314 1128 3382 benivolentia
1143 3339 1216 3403 erge
1231 3315 1404 3404 populares.

258 3422 290 3487 b.
314 3420 441 3486 Titulus
456 3445 498 3486 ex
513 3421 579 3486 basi
594 3445 765 3488 marmorea
779 3424 929 3508 quadrata
943 3437 1051 3489 ststuae
1062 3448 1081 3489 a
1094 3423 1115 3488 J
1117 3423 1181 3489 ulia
1195 3423 1371 3512 Menyllina
1385 3421 1530 3509 prolectae
1545 3421 1579 3486 in

184 3523 346 3592 honorem
362 3527 442 3614 Imp.
458 3526 622 3602 Hadriani,
638 3527 835 3594 Panhellenii
850 3543 909 3594 etc.
936 3531 977 3595 ob
996 3529 1106 3596 merita
1133 3528 1201 3615 ejus
1220 3529 1254 3594 in
1277 3541 1397 3617 patrem
1415 3539 1471 3606 ric
1493 3556 1582 3595 rora-

187 3639 369 3714 οτησᾶσης,
384 3635 406 3699 J
408 3634 508 3699 ulium
522 3657 635 3721 nempe
651 3635 860 3702 Paterculum.

261 3740 505 3806 Monumentum
520 3740 602 3806 inter
618 3741 811 3808 Stratonicea
825 3742 1006 3829 ponendum
1021 3767 1140 3820 censeo,
1156 3742 1210 3808 sed
1225 3767 1288 3808 non
1303 3742 1393 3809 cortis
1410 3740 1581 3807 rationibus

187 3851 290 3914 nisus.
335 3847 467 3912 Constat
482 3847 680 3914 Hadrianum
694 3873 889 3939 summopere
906 3850 1187 3917 Stratonicensibus
1201 3851 1362 3917 studuisse.

260 3981 287 4020 o.
310 3955 407 4020 Inscr.
423 3955 482 4019 aevi
496 3956 684 4034 recentioris,
705 3981 746 4024 sc.
761 3959 939 4046 Byzantini,
954 3985 996 4025 ex
1011 3959 1115 4048 lapide
1134 3960 1168 4024 in
1186 3960 1303 4047 templo
1318 3956 1583 4023 Mithammedano

191 4061 353 4144 (Moscha,
370 4062 465 4126 Turc.
485 4065 805 4151 cht-oqlrl-djammt)
821 4079 951 4154 reperto,
967 4089 1210 4132 commemorans
1224 4063 1454 4130 extructionem
1468 4061 1583 4127 redium

191 4191 353 4234 sacrarum
368 4192 424 4255 per
436 4167 635 4250 (Evandrum
646 4177 673 4254 Ρ)
718 4171 770 4236 En
793 4195 867 4237 vero
891 4172 1005 4260 pallam
1028 4197 1070 4239 ex
1090 4171 1212 4238 laciniis
1227 4169 1412 4247 Homericis,
1437 4191 1583 4258 magnam

192 4291 328 4362 partem,
353 4272 544 4340 consectam!
588 4275 656 4342 Nec
676 4277 715 4342 de
736 4276 923 4344 lectionibus
946 4277 1182 4367 quamplurimis
1205 4277 1318 4344 certior
1331 4275 1429 4343 factus
1452 4299 1529 4353 sum,
1549 4275 1583 4339 in

191 4403 275 4447 saxo
290 4378 365 4444 trito
380 4392 412 4444 et
427 4378 566 4467 vestigiis
581 4379 821 4448 obscurissimis..
