3788 5092
336 181 394 246 rso
756 181 1038 250 nuornnrun
1061 182 1302 250 nornnun.
1464 143 1490 150 'h
1639 199 1671 210 2
1727 228 1761 240 ..,

1806 254 1851 270 Ἅι...

335 354 500 418 Persarum
511 376 646 440 quoque,
659 364 695 418 ut
705 377 747 419 ex
762 353 861 442 epigr.
873 353 1017 420 Bianoris
1028 355 1138 442 liquet,
1149 367 1182 422 et
1192 354 1337 444 AEscbyl.
1349 354 1383 419 in
1392 357 1514 432 Persis,
1527 361 1581 421 45.
1597 379 1736 433 necnon,

333 473 461 526 notante
478 461 678 549 Spanhemio,
690 461 849 528 Plutarch.
864 462 918 549 qui
930 463 1067 551 appellat
1083 464 1171 530 Sard.
1183 463 1308 552 imperii
1324 461 1442 529 Persici
1459 465 1644 551 πρόσχημα,
1655 485 1737 528 voce

337 569 376 632 ab
388 567 506 633 Herod.
525 588 555 632 v.
572 573 623 633 28.
637 581 750 633 mutua
763 581 896 655 sumpta.
919 569 1044 634 Deinde
1060 569 1290 648 Romanorum
1305 592 1379 635 nam
1394 567 1530 634 Ovidius
1548 568 1583 632 in
1593 570 1735 633 Metam.

337 696 381 740 xr.
401 679 469 743 137.
490 676 635 764 appellat,
655 700 786 762 magnos
811 678 941 753 Sordes,
961 677 993 741 h.
1009 701 1036 742 e.
1053 676 1272 765 Metropolem,
1296 689 1333 741 ut
1355 686 1444 741 notat
1463 674 1666 740 Burmannus
1689 697 1734 739 ex

335 782 497 860 similibus,
507 804 566 847 vrr.
577 787 661 858 553,
672 804 739 848 xrv.
750 786 822 850 457.
833 809 841 861 ;
853 786 988 849 Heroid.
1000 805 1059 850 vrr.
1073 787 1143 850 165.
1168 785 1282 862 Serius,
1295 783 1329 848 in
1340 795 1480 870 tempore
1490 781 1597 859 Plinii,
1607 781 1735 846 exstitit

339 888 502 952 Sardiano
506 892 704 974 jurisdictio,
720 890 752 956 b.
767 914 794 956 e.
810 915 853 956 ex
869 891 1098 979 Metropolibus
1113 907 1178 958 erat
1193 893 1317 973 civitas(
1340 896 1364 972 ).

400 991 532 1080 Scripsit
551 992 692 1080 eruditus
711 993 840 1079 quidam
860 993 894 1058 in
910 994 1041 1083 Cyclop.
1059 995 1148 1062 Reos.
1169 1022 1237 1086 cap.
1255 995 1370 1074 Sardis,
1385 995 1467 1061 banc
1491 1019 1557 1061 rem
1580 1009 1730 1084 tangens:
1758 1063 1762 1076 ,

342 1099 421 1160 ΤΙιὶε
437 1101 501 1183 city
517 1101 544 1161 is
563 1102 765 1182 represented
777 1123 816 1163 on
837 1123 920 1164 some
938 1103 1058 1165 medela
1080 1125 1117 1166 as
1133 1105 1185 1166 tlte
1204 1104 1383 1188 metropolis
1398 1105 1441 1188 of
1450 1103 1556 1178 Asia;
1580 1107 1648 1168 ond
1661 1109 1687 1168 it
1702 1108 1731 1168 is

332 1206 407 1267 said
424 1213 455 1266 to
476 1205 556 1267 tave
571 1206 645 1268 been
664 1205 717 1268 tlte
739 1205 811 1290 only
830 1208 894 1290 city
917 1205 960 1288 of
963 1208 1171 1289 proconsular
1186 1206 1269 1272 Asia
1291 1208 1390 1270 which
1410 1209 1477 1270 ltad
1495 1210 1645 1271 assumed
1666 1210 1731 1272 tlts‘s

332 1312 572 1372 dermminotion.
607 1307 638 1371 Α
653 1309 757 1371 medol
771 1307 994 1394 ofAnqastus,
1006 1309 1154 1384 however,
1162 1312 1252 1395 pluer
1267 1332 1378 1373 reason
1385 1310 1446 1393 sor
1461 1311 1645 1397 concluding
1658 1313 1732 1374 that

333 1420 358 1478 it
374 1417 441 1479 tad
453 1417 527 1479 been
542 1439 563 1479 α
578 1416 756 1500 metropolis
771 1417 871 1478 under
886 1416 957 1478 mat
966 1419 1088 1499 prince.
1133 1415 1298 1480 Consentit
1316 1430 1399 1482 certe
1414 1415 1550 1482 Ovidius
1564 1415 1618 1481 cit.
1634 1439 1730 1503 supr,

333 1535 366 1587 et
380 1521 501 1586 nummi
515 1520 750 1609 inscriptionem
770 1521 888 1586 habent
904 1529 1163 1589 ΣΑΡΔΙΑΝΩΝ
1186 1545 1315 1611 semper,
1336 1536 1373 1587 ut
1386 1535 1475 1587 notat
1494 1521 1684 1606 Eckhelius(
1706 1529 1730 1606 )‚

332 1629 366 1692 in
380 1627 535 1693 consortio
549 1650 623 1693 cum
640 1634 959 1695 ΠΕΡΓΑΜΗΝΩΝ.
1005 1627 1154 1692 Ceterum
1170 1627 1255 1713 quod
1266 1627 1305 1693 de
1317 1628 1493 1716 arrogantia
1505 1626 1733 1693 Sardianorum

332 1731 477 1818 perhibet
491 1732 622 1820 scriptor
634 1731 872 1820 Cyclopaedicus
886 1757 950 1798 non
965 1733 1004 1799 de
1015 1734 1054 1800 iis
1068 1734 1141 1800 solis
1151 1736 1386 1823 praedioandum
1401 1749 1456 1814 est,
1471 1736 1527 1801 sed
1541 1759 1613 1802 cum
1629 1735 1731 1824 pluri-

331 1840 390 1905 bus
406 1838 483 1916 aliis,
499 1853 535 1904 ut
549 1839 584 1904 in
598 1839 800 1925 sequentibus
814 1840 943 1927 patebit,
960 1841 1265 1908 communicandum.

396 1945 430 2008 A
446 1944 595 2010 Romanis
602 1945 675 2030 jure
690 1943 820 2009 collatus
835 1957 900 2009 erat
910 1943 1026 2021 h0n0s;
1048 1957 1168 2011 cunotae
1183 1945 1268 2010 enim
1283 1969 1383 2012 causae
1398 1947 1438 2012 ob
1453 1969 1529 2032 quas
1540 1945 1732 2034 dignitatem

335 2053 610 2141 Metropolitanam
630 2052 798 2118 solenniter
818 2053 1032 2118 concedebant
1053 2052 1213 2118 Sardianis
1239 2066 1349 2140 praesto
1373 2065 1469 2118 erant.
1513 2052 1733 2118 Inclaruerant

332 2158 550 2248 magnitudine
570 2157 715 2235 civitatis,
732 2156 927 2242 antiquitate,
943 2155 1020 2220 situs
1040 2155 1283 2244 opportunitate,
1298 2154 1409 2242 templi
1423 2153 1583 2240 majestate
1598 2169 1632 2219 et
1645 2155 1732 2220 relli-

332 2266 442 2353 gione:
464 2288 556 2352 porro
576 2264 760 2352 spectabiles
778 2277 867 2329 erant
885 2274 1013 2350 propter
1027 2261 1138 2328 merita
1152 2261 1186 2325 in
1202 2261 1338 2327 Caesares
1356 2275 1388 2326 et
1401 2260 1553 2348 populum
1570 2261 1731 2326 Romano·

332 2393 412 2434 rum.
458 2369 544 2435 Hinc
558 2368 704 2457 prodibat
714 2366 829 2453 judicii
845 2365 1088 2432 Centumvirslis
1102 2366 1137 2430 in
1153 2366 1303 2432 Sardibus
1318 2366 1442 2443 erectio,
1457 2381 1490 2431 et
1499 2365 1732 2451 jurisdictionis

332 2475 368 2539 in
382 2475 502 2562 reliqua
515 2476 611 2540 totius
631 2474 694 2540 fere
710 2473 821 2562 Lydiae
837 2473 953 2561 oppida
974 2472 1149 2550 conoessio;
1171 2473 1231 2538 hoc
1251 2472 1355 2550 etiam,
1372 2473 1448 2537 dum
1468 2471 1555 2560 regio
1570 2471 1626 2536 illa
1649 2487 1732 2540 esset

333 2606 404 2670 pars
418 2582 504 2646 Asiae
520 2581 754 2670 proconsularis,
770 2595 802 2646 et
816 2605 872 2668 per
887 2582 1070 2647 Conventus
1083 2580 1237 2667 juridicos
1257 2581 1412 2669 Pergami,
1428 2580 1556 2668 Ephesi,
1574 2579 1731 2668 Smyrnae,
1836 2639 1844 2668 ‚

333 2704 366 2754 et
382 2688 537 2766 Sardium,
552 2702 712 2776 regeretur
726 2688 896 2776 provincia.
940 2689 1147 2755 Postmodum
1158 2713 1241 2766 vero,
1254 2687 1408 2753 divisione
1423 2687 1512 2763 facta,
1525 2685 1663 2773 dignitas
1677 2687 1732 2751 vel
1832 2747 1835 2752 ,

334 2795 467 2883 amplior
482 2795 632 2861 Sardibus
652 2794 829 2872 accedebat,
847 2808 883 2859 ut
905 2795 977 2860 solas
996 2819 1053 2883 per
1074 2819 1106 2862 se
1131 2795 1301 2883 provinciae
1320 2795 1394 2882 jura
1419 2807 1610 2860 exercerent.
1656 2792 1731 2859 Hoc
1826 2757 1834 2847 l

332 2915 461 2977 constat,
476 2915 604 2968 notante
617 2901 865 2989 Spanhemio(e),
881 2927 924 2969 ex
939 2903 1059 2968 notitiis
1075 2903 1286 2970 Ecclesiarum
1301 2902 1447 2988 antiquis.
1816 2877 1824 2967 l

400 3006 545 3073 Titulum
566 3031 650 3084 vero,
666 3031 730 3071 uon
745 3006 955 3095 Metropolcos
978 3019 1110 3084 tantum,
1131 3006 1185 3073 sad
1209 3020 1241 3072 et
1255 3005 1421 3082 Primatus,
1445 3003 1485 3070 ad
1507 3027 1539 3070 se
1563 3002 1732 3070 trahebant
1806 2998 1814 3088 l

337 3120 490 3187 Sardiani.

398 3227 485 3294 (litat
508 3227 743 3310 Harduinustd)
769 3251 934 3292 nummum
956 3227 1051 3293 Juliae
1072 3226 1214 3293 Marnaeae
1236 3226 1269 3291 in
1285 3249 1348 3313 quo
1361 3224 1478 3312 legitur
1503 3249 1521 3289 a
1542 3222 1612 3288 viro
1636 3222 1730 3290 docto
1784 3111 1805 3329 ll

225 3387 226 3391 ,
338 3333 1467 3420 enP.ssPu.MA10NnN.viz.Sardesprima(oivins)Moe0nnm.
1505 3329 1594 3406 Haec,
1606 3353 1730 3418 nempe,
1776 3329 1786 3449 1

335 3465 353 3506 a
367 3440 494 3527 Sponio,
507 3440 562 3525 qui
574 3463 738 3505 nummum
754 3439 933 3527 protulerat,
948 3442 1152 3507 eruebantur:
1175 3441 1230 3506 sed
1244 3439 1337 3506 lectio
1352 3440 1475 3505 ‹liversa
1487 3439 1523 3503 in
1537 3437 1618 3504 libro
1630 3439 1731 3527 Span-

336 3545 479 3631 hemii(e)
493 3558 637 3623 tentatur,
653 3544 761 3632 positis
777 3555 863 3613 APX
876 3597 883 3610 .
898 3555 924 3613 Α
938 3597 944 3610 .
956 3570 1014 3634 pro
1028 3553 1109 3614 CAP
1123 3597 1130 3611 .
1143 3555 1233 3615 ΠΡΩ
1247 3597 1253 3610 .
1292 3545 1345 3611 Sic
1357 3545 1466 3610 titulus
1477 3544 1600 3632 integer
1614 3545 1728 3632 prodit,

378 3716 422 3798 (a)
436 3720 504 3778 vio.
514 3719 688 3797 Spanhemii,
700 3720 818 3778 Dissert.
833 3737 876 3778 rx.
890 3739 919 3795 p·
928 3718 1011 3790 6374
1055 3729 1121 3778 sert
1138 3737 1179 3778 rx.
1194 3721 1248 3779 ubi
1262 3738 1341 3795 supr.

339 3818 415 3876 Plin.
429 3839 455 3876 v.
470 3821 517 3877 30.
536 3821 559 3876 l.
1095 3815 1140 3897 (d)
1153 3817 1189 3873 In
1203 3817 1271 3874 Not
1286 3816 1322 3873 ad
1335 3816 1412 3874 Plin.
1429 3834 1457 3874 v.
1472 3819 1521 3876 30.
1537 3819 1562 3875 l.

378 3913 419 3995 (l)
435 3917 532 3974 Doctr.
548 3919 635 3976 Num.
650 3919 719 3976 Vet.
734 3918 767 3975 T.
783 3933 827 3976 111.
841 3937 869 3994 p.
888 3919 952 3976 113.
1096 3910 1136 3990 (e)
1150 3913 1212 3970 Ubi
1225 3932 1321 3989 supra,
1337 3932 1365 3989 p.
1377 3911 1443 3972 624.

376 4012 417 4093 (c)
432 4016 476 4074 Do
484 4016 549 4073 Usu
562 4025 592 4074 et
602 4015 774 4073 Prastantia
781 4015 810 4074 N
811 4014 925 4072 umism.
947 4013 1013 4072 Dis-
