3788 5092
397 429 455 491 192
800 421 1096 522 AUCTARIUM
1118 419 1356 486 NOTARUM.

394 596 514 660 editum
544 608 576 660 et
598 595 784 659 illustratum
814 619 832 660 a
855 595 985 682 Bolleyo
1011 607 1161 659 memorat
1185 592 1366 659 Eckheliua
1420 589 1659 677 Inscriptionem
1688 589 1792 653 habet

397 708 491 765 lMP.
506 708 729 767 CAffi-NER
744 751 750 766 .
766 708 1399 769 TRAIAN.0PT1M.AVG.GERM.
1414 708 1533 775 DAC.,
1549 699 1601 765 oui
1616 697 1790 785 respondet

394 807 428 869 in
443 807 538 872 altera
552 807 638 882 facie,
657 810 890 870 HADRIANO
902 853 910 868 .
924 811 1123 871 TRAIANO
1135 854 1142 868 .
1156 811 1358 870 CAESARI.

461 913 510 976 De
525 913 584 978 hoc
606 911 713 978 scribit
727 910 914 976 Eckhelius:
938 914 1052 975 Posset
1072 914 1124 975 tic
1145 935 1255 975 numus
1264 915 1383 995 juvare
1398 912 1606 985 Dodwellum,
1626 915 1683 995 qui
1703 915 1791 972 inte-r

395 1021 589 1102 adoptiuum
606 1019 772 1082 Hadriani
787 1026 817 1079 et
831 1028 957 1080 mortem
982 1019 1118 1102 Trajaui
1132 1040 1245 1080 anuum
1261 1021 1492 1101 interponit(a).

459 1123 496 1186 In
520 1122 748 1188 commentariis
771 1123 847 1188 meis
870 1123 921 1211 egi
944 1147 1001 1210 pro
1024 1139 1091 1189 rato
1105 1124 1222 1189 habeus
1237 1123 1416 1189 delitescere
1440 1145 1554 1188 nornen
1569 1120 1727 1186 Hadriani
1750 1121 1786 1186 in

394 1251 484 1293 versu
508 1229 616 1316 primo
661 1227 762 1313 Atqui
782 1227 942 1293 fatendum
974 1243 1021 1294 est
1044 1231 1143 1316 (quod
1166 1230 1268 1316 ipsum
1300 1253 1342 1295 ex
1367 1249 1420 1295 vv.
1441 1249 1486 1292 tr..
1510 1227 1686 1294 luculenter
1709 1228 1787 1292 satis

393 1341 564 1422 comparet)
580 1334 733 1400 elementa
745 1335 839 1402 fuisse
858 1360 877 1401 a
890 1336 1033 1424 lapicidis
1047 1338 1184 1403 barbaris
1199 1336 1369 1402 deformata
1387 1336 1464 1400 adeo
1479 1335 1561 1400 inter
1579 1333 1787 1421 operandum,

393 1462 432 1503 ne
444 1438 545 1504 dicam
562 1438 671 1516 deleta,
687 1455 724 1504 ut
737 1440 824 1505 locus
838 1441 1058 1526 conjectationi
1073 1441 1279 1528 amplissimus
1294 1441 1396 1506 adhuc
1411 1464 1535 1505 manere
1550 1440 1654 1527 possit.
1680 1441 1790 1504 Erunt

393 1543 519 1609 fortasse
534 1543 646 1629 quibus
657 1544 832 1611 verosimile
848 1546 1008 1633 apparebit
1023 1547 1150 1613 titulum
1164 1547 1257 1612 fuisse
1272 1547 1467 1612 inhonorem
1482 1545 1611 1633 insignis
1627 1546 1688 1610 viri
1703 1547 1726 1612 J
1727 1547 1788 1610 ulii

395 1652 546 1732 Quadrati
561 1653 775 1740 compositum,
791 1655 881 1738 cujus
895 1679 1009 1720 nomen
1024 1656 1058 1720 in
1077 1655 1162 1721 fastis
1186 1654 1406 1732 consularibus,
1422 1654 1456 1718 in
1476 1661 1557 1738 an·
1576 1668 1688 1718 octavo
1704 1653 1789 1718 Tra·

388 1758 468 1844 jani,
491 1759 628 1836 inveni0,
653 1773 684 1825 et
707 1760 761 1845 qui
775 1760 861 1824 Asiae
884 1760 1143 1847 proconsulatum,
1167 1782 1325 1825 unacum
1349 1758 1491 1846 plurimis
1513 1758 1581 1824 aliis
1600 1758 1788 1822 muneribus

393 1865 507 1952 gradus
522 1863 688 1951 amplioris,
704 1878 847 1952 gesserat.
864 1845 869 1858 .
882 1865 976 1929 Esto!
1001 1865 1068 1931 Mei
1083 1865 1232 1954 propositi
1248 1865 1401 1953 imprimis
1416 1879 1462 1931 est
1476 1879 1512 1932 ut
1526 1865 1690 1931 veritatem
1705 1890 1788 1932 asse-

393 1995 478 2056 quar,
494 1971 627 2056 ideoque
640 1969 807 2036 lectoribus
821 1970 951 2036 eruditis
965 1995 1031 2037 rem
1046 1985 1143 2037 totam
1157 1972 1382 2038 retractandam
1398 1972 1559 2059 permitto:
1582 1972 1667 2058 quod
1679 1986 1715 2036 ut
1730 1973 1789 2038 fiat

393 2081 518 2170 optimis
542 2081 696 2170 auspiciis,
721 2083 940 2169 apponendum
966 2084 1074 2150 curari
1094 2085 1221 2150 titulum
1245 2084 1398 2172 insignem
1423 2108 1465 2150 ex
1489 2084 1637 2172 opusculo
1655 2083 1787 2148 Smithii

393 2202 463 2254 ante
487 2186 571 2253 dioto
595 2187 793 2275 descriptum,
818 2202 850 2254 et
873 2191 936 2275 qui,
961 2190 1190 2276 aliquantulum
1214 2204 1331 2262 auctus,
1355 2189 1390 2254 in
1414 2214 1508 2278 opere
1532 2189 1787 2278 praestantissimo

394 2293 531 2370 Marinii,
547 2317 589 2359 ex
606 2293 723 2381 Sponio
739 2295 917 2382 prasertim,
930 2296 1004 2361 dein
1020 2297 1202 2372 Muratorio,
1219 2295 1367 2372 Gomara,
1383 2295 1564 2382 desumptus
1579 2309 1692 2360 exstat.

457 2403 597 2468 Fortasse
618 2402 757 2468 movebit
771 2402 921 2487 quosdam
936 2401 1020 2487 quod
1034 2402 1144 2467 titulus
1160 2410 1274 2470 θΕΟΥ
1291 2408 1414 2486 (DIVI)
1430 2401 1516 2465 abest
1535 2425 1553 2465 a
1567 2425 1596 2464 v.
1609 2405 1649 2475 8,
1666 2414 1700 2464 ct
1714 2423 1786 2486 pro-

391 2506 465 2571 inde
488 2530 603 2571 nomen
621 2515 823 2574 ΝΕΡΟΥΑΣ
847 2506 881 2570 in
904 2530 940 2572 eo
965 2506 1087 2570 nullum
1102 2506 1205 2572 locum
1220 2507 1334 2572 habere
1358 2505 1503 2593 potuisse.
1549 2504 1613 2570 Sed
1636 2519 1669 2570 et
1690 2505 1787 2591 hujus

393 2612 564 2677 omissionis
580 2612 761 2699 exemplum
776 2612 926 2678 habemus
940 2612 974 2676 in
989 2636 1117 2676 nummo
1133 2635 1225 2699 supra
1244 2613 1338 2678 citato
1358 2636 1399 2678 ex
1416 2610 1636 2694 Eckhelio(b):
1660 2626 1693 2676 et
1707 2636 1787 2699 prae-

392 2731 484 2792 terea,
497 2715 566 2802 quis
581 2716 731 2781 affirmare
743 2731 845 2802 posset
856 2716 983 2780 titulum
998 2716 1210 2804 καθιερώσεως
1223 2741 1288 2782 non
1299 2716 1509 2804 praecessisse?
1541 2717 1785 2784 Recordandurn

392 2839 438 2888 est
449 2822 607 2888 enimvero
623 2822 673 2910 agi
685 2822 719 2887 in
730 2823 859 2888 materia
870 2824 1013 2911 praesenti
1024 2824 1063 2889 de
1078 2838 1281 2890 monumento
1295 2825 1464 2890 admodum
1476 2847 1571 2889 exeso
1585 2838 1618 2889 et
1630 2839 1786 2890 vetustate

393 2943 425 2994 et
438 2929 638 2994 barbarorum
653 2929 776 3014 injuria.
815 2930 910 3011 Quod
925 2931 964 2996 ad
976 2955 1066 2997 voces
1081 2956 1150 3017 quae
1165 2931 1328 2997 hincinde
1339 2933 1446 3018 jacent
1461 2943 1587 3017 spectat,
1599 2928 1787 2995 facillimum

393 3051 476 3102 certe
490 3035 570 3101 foret
584 3060 625 3101 ex
637 3035 783 3102 ductibus
794 3035 954 3102 literarum
969 3060 1096 3102 exarare
1108 3036 1212 3122 qualia
1223 3036 1256 3101 in
1272 3035 1445 3122 exemplari
1458 3033 1635 3100 Smithiano
1649 3049 1786 3110 exstant,

393 3167 506 3231 nempe
523 3150 727 3210 ΦΡΑΤΡΕΜ
740 3193 746 3206 .
759 3151 1014 3210 ΑΡΟΥΑΛΕΜ.
1038 3143 1195 3220 Ceterum,
1212 3141 1288 3227 quid
1304 3154 1389 3207 vetat
1402 3142 1576 3226 conjectare
1586 3139 1786 3205 Hadrianum

393 3273 523 3314 munera
538 3247 648 3314 obiisse
664 3247 829 3312 sacerdotis
844 3247 968 3313 curialis
987 3247 1071 3335 apud
1086 3247 1323 3324 Antiochenses,
1339 3246 1473 3332 majoris,
1490 3245 1515 3309 si
1530 3245 1641 3332 placet,
1656 3269 1732 3311 nam
1747 3247 1787 3311 ad

393 3355 525 3442 gradum
541 3377 634 3439 quem
658 3366 809 3418 memorat
832 3353 941 3417 titulus
956 3351 1139 3436 Gruteri(c)‚
1159 3352 1213 3438 qui
1234 3365 1305 3418 ante
1329 3351 1435 3418 oculos
1458 3366 1605 3427 versatur,
1622 3351 1786 3437 haudqua-

395 3485 488 3547 quam
512 3483 634 3524 necesse
657 3473 703 3523 est
726 3482 841 3523 nomen
863 3459 982 3523 illustre
1006 3458 1179 3536 detrudere,
1203 3459 1260 3524 etsi
1283 3457 1489 3524 certissimum
1515 3457 1555 3521 sit
1576 3455 1785 3535 Hadrianum,

395 3566 566 3655 imperante
581 3566 695 3643 Nerva,
711 3565 752 3632 ad
765 3565 898 3631 honores
913 3567 1116 3653 amplissimos
1139 3591 1202 3632 non
1227 3567 1393 3632 admissum
1410 3565 1526 3630 fuisse?
1571 3565 1667 3645 Quid,
1684 3589 1785 3652 porro,

396 3675 496 3738 obstat
510 3673 671 3738 sententiaa
686 3697 834 3762 magnum
849 3674 1067 3761 imperatorem
1078 3674 1283 3739 Antiochiam
1298 3673 1462 3750 omavisse,
1479 3672 1554 3737 dum
1569 3672 1629 3737 hoc
1645 3674 1785 3738 sacerdo-

396 3777 440 3841 tio
454 3778 645 3865 fungeretur,
661 3777 801 3843 aedificiis
814 3778 878 3842 illis
897 3803 1029 3864 quorum
1053 3780 1203 3846 memoria
1221 3781 1305 3869 apud
1319 3782 1571 3869 chronographos
1587 3787 1785 3866 teneturlhl)

436 4011 480 4091 (a)
496 4015 555 4072 Ubi
569 4036 665 4093 supra,
681 4017 737 4074 vol.
750 4034 792 4073 vr.
806 4036 854 4093 pp.
863 4015 930 4079 473.
944 4033 966 4074 s.
1151 4015 1191 4094 (c)
1206 4017 1353 4093 Inscriptt
1370 4034 1459 4076 cccv.
1473 4020 1500 4074 4.
1511 4019 1538 4076 5.

438 4112 479 4190 (t)
493 4113 560 4171 vict
575 4115 610 4173 da
623 4115 675 4173 hac
694 4135 725 4175 re
744 4115 834 4192 ipsius
848 4113 981 4172 Eckhelii
994 4116 1066 4172 obss.
1150 4113 1196 4191 (d)
1206 4113 1274 4171 Vid.
1284 4113 1396 4185 Malala,
1413 4115 1507 4176 Storic
1525 4114 1592 4175 dalla
1610 4119 1676 4187 arti,
1692 4117 1747 4176 vol.
1755 4135 1784 4176 11.

399 4213 430 4269 in
443 4232 472 4289 p.
484 4213 550 4275 474.
1110 4232 1138 4289 p.
1148 4216 1214 4278 389.
1230 4223 1289 4271 not
1301 4214 1337 4272 A.
