3818 5094
157 482 259 528 nasos.
276 467 315 548 1.]
742 459 958 528 EPHESUS.
1509 468 1546 531 19

156 635 247 722 εἶναι
270 637 337 721 τὸν
354 638 455 741 μηνὰ
473 638 706 739 καλούμενον
724 674 802 720 ππιι
815 700 974 720 .......
988 636 1091 744 παρὰ
1114 646 1234 718 πᾶσιν
1251 637 1320 740 μὲν
1339 642 1545 743 αἰγυπτίοις

154 779 231 858 τοῖς
248 769 381 868 πάλαι,
401 770 504 876 παρὰ
523 770 563 852 δὲ
580 769 786 873 μακεδόσιν
805 775 963 857 καὶτοῖς
982 777 1130 856 λοιποῖς
1144 832 1305 850 .......

643 1019 786 1078 VARIAE
807 1019 1041 1076 LECTIONES.

153 1138 259 1203 omnia
272 1138 363 1204 valde
379 1139 606 1223 detrita-(7.)
633 1139 712 1219 Quae
727 1138 808 1203 hanc
823 1137 934 1202 seriem
950 1135 1102 1202 claudunt
1115 1134 1245 1201 minime
1260 1148 1420 1222 perspecta
1434 1134 1543 1200 habeo.

153 1223 312 1311 Descripsi
326 1225 427 1312 primo
444 1230 494 1302 28,
510 1229 561 1302 29,
580 1234 632 1292 ΕΤ
647 1247 688 1290 so.
704 1226 794 1301 ἔτους
809 1223 879 1287 infr.
896 1228 947 1286 20.
964 1236 995 1288 at
1013 1247 1086 1288 oum
1105 1221 1233 1308 reliquis
1256 1245 1319 1287 non
1342 1234 1493 1297 constant,
1512 1235 1545 1285 et

153 1323 300 1396 praeterea
323 1335 423 1376 sermo
446 1324 493 1377 est
513 1311 552 1376 de
571 1311 745 1399 AEgyptiis‚
771 1333 904 1396 quorum
927 1323 992 1374 erat
1010 1332 1128 1373 numen
1151 1313 1213 1376 πτῖι
1233 1308 1284 1372 vel
1304 1309 1376 1396 φθᾶ.
1396 1309 1435 1376 ὃν
1454 1309 1542 1374 αὐτοὶ

153 1403 428 1484 προσαγορεύουσι
448 1398 520 1485 φθᾶ,
540 1403 569 1465 οἱ
590 1397 621 1466 δὲ
643 1399 784 1475 ἕλληνες,
805 1399 969 1483 ripamon-
993 1394 1109 1459 Euseb.
1130 1397 1237 1480 Praep.
1253 1396 1408 1481 Evanyel.
1424 1415 1474 1457 111.
1495 1397 1542 1456 ll.

152 1506 181 1570 p.
202 1488 271 1547 115.
288 1492 323 1550 B.
369 1483 489 1548 Mensis
513 1508 585 1548 vero
605 1485 672 1571 AEg
718 1481 893 1568 tiaous'qui
913 1480 1084 1545 Artemisio
1104 1480 1314 1545 Macedonum
1338 1479 1544 1567 respondebat

153 1583 217 1634 crat
228 1570 385 1656 φαμενὼθ,
397 1570 486 1654 cujus
497 1571 598 1658 pn'ma
609 1569 642 1632 in
654 1594 689 1656 sy
715 1571 773 1634 aba
783 1568 909 1633 fortasse
921 1566 1076 1632 delitescit
1086 1577 1207 1630 sacrum
1218 1589 1341 1630 nomen.
1365 1567 1424 1653 Op.
1435 1564 1542 1629 Rosin.

154 1655 281 1742 Antiqq.
295 1659 389 1721 Rom.
402 1655 532 1738 (Elect.)
544 1679 575 1743 p.
585 1660 657 1724 954.
703 1657 802 1720 Erant
813 1677 937 1740 quoque
952 1675 1072 1717 menses
1087 1675 1128 1716 ex
1144 1651 1309 1715 numinum
1325 1651 1456 1716 aliorum
1467 1650 1542 1715 titu-

151 1739 188 1805 lis
203 1742 489 1828 nuncupati.—(8.)
512 1741 552 1806 In
564 1741 835 1806 3l⁵dubitendum
847 1754 924 1828 puto
933 1739 973 1803 de
986 1747 1023 1806 Ο.
1047 1738 1187 1806 Fortasse
1199 1737 1406 1812 scribendum,
1423 1737 1542 1802 ratione

151 1828 304 1913 probabili
317 1827 427 1917 magis,
442 1837 478 1906 Σ,
490 1841 526 1892 ut
537 1827 577 1893 sit
590 1835 838 1896 ΕΣΠΕΡΙΟΙΣ.
876 1827 994 1891 Tentes
1009 1848 1133 1911 quoque
1145 1832 1349 1902 ΕΘΝΕΣΙΝ,
1361 1837 1397 1888 ut
1411 1823 1446 1887 in
1455 1825 1541 1887 Auc-

153 1918 244 1978 tario.

411 2039 734 2100 ANNOTATIONES
756 2037 930 2100 CRITICAE
951 2037 1004 2095 ET
1024 2037 1276 2104 EXEGETICAE.

152 2164 261 2223 mauis
276 2163 365 2246 apud
375 2163 822 2247 AEpyptiosvocotusma...,
867 2157 1039 2246 AEgyptios
1064 2181 1082 2223 a
1107 2157 1291 2222 numinibus
1315 2156 1411 2222 dicti:
1439 2180 1490 2221 ex.
1514 2180 1541 2221 c.

151 2269 290 2352 quivero
306 2292 327 2331 ο
340 2269 570 2332 Macedonibus
586 2272 758 2354 ceterisque
773 2293 823 2333 oc·
867 2264 981 2339 Athon
997 2285 1052 2326 seu
1067 2261 1184 2347 Athyr,
1200 2260 1235 2324 in
1254 2259 1354 2348 Prima
1374 2259 1447 2324 almi
1462 2273 1541 2325 tem·

151 2375 366 2447 sidentclibun,
393 2385 423 2436 et
447 2375 630 2438 Laconibus
657 2397 823 2460 eorumque
866 2381 1001 2456 pestate;
1023 2391 1146 2434 necnon
1169 2369 1295 2432 Tkoto.-
1318 2391 1367 2455 op.
1381 2366 1447 2433 Cio.
1463 2369 1540 2432 Not.

152 2479 289 2564 urbibus,
302 2477 494 2543 Artemisiae
509 2491 721 2564 nuncupatur,
733 2482 772 2544 ab
786 2504 823 2544 ιο
867 2477 969 2540 Deor.
989 2495 1039 2539 111.
1060 2478 1133 2551 22.;
1159 2473 1267 2539 Rosin.
1292 2473 1421 2560 Antiqq.
1447 2476 1540 2538 Rom.

150 2584 191 2644 sit
203 2581 302 2668 (apud
317 2580 486 2669 Ephesios)
503 2589 745 2671 coquominntus.
773 2584 823 2651 Sc.
868 2583 1001 2664 (Elect.)
1023 2603 1054 2668 p.
1073 2585 1147 2648 954.
1196 2579 1388 2646 Wilkiuson.
1402 2582 1540 2667 AEqypt.

151 2688 332 2753 Artemisio.
350 2689 408 2777 Cp.
424 2714 455 2755 v,
472 2696 520 2756 18.
865 2680 1053 2768 Antiq.v01.
1069 2681 1111 2745 iv.
1127 2705 1158 2768 p.
1174 2685 1222 2745 14.

192 2791 242 2858 De
258 2791 487 2858 Macedonibus
501 2817 550 2860 res
568 2806 699 2860 constat.
746 2794 822 2883 Sep·
909 2787 1012 2873 Abqui
1055 2786 1160 2851 Diana
1197 2790 1231 2870 (ἦ
1269 2789 1418 2873 defleta),
1459 2787 1542 2853 inter

150 2898 244 2963 timus
257 2898 384 2964 illorum
407 2899 522 2964 mensis
545 2914 611 2966 erat
624 2901 822 2977 Artemisius,
865 2892 1038 2980 AEgyptios
1052 2895 1212 2957 Bubastis
1235 2892 1397 2959 audiebat:
1421 2893 1540 2958 Herod.

150 3004 204 3090 qui
215 3004 427 3092 Munychioni
439 3004 682 3071 Atheniensium
697 3031 822 3094 respon·
866 3021 902 3064 11.
923 3001 991 3066 137·
1012 2999 1098 3077 156.;
1120 2998 1155 3062 in
1170 2997 1322 3086 Haglogr·
1338 3013 1470 3099 Ηῠὶᾚ.
1490 3024 1539 3087 cp.

150 3110 252 3188 debat,
271 3110 293 3175 i.
309 3135 335 3177 e.
356 3111 576 3198 Aprili-Maio.
620 3113 670 3178 De
690 3112 823 3178 Laconi·
866 3115 965 3180 Ezek.
988 3135 1067 3179 xxx.
1091 3116 1139 3182 17.
1183 3112 1222 3178 In
1238 3099 1433 3179 Wilkinsoisi
1448 3139 1540 3202 opere

150 3219 207 3284 bus
218 3220 304 3295 item,
320 3242 364 3284 ex
374 3218 521 3307 Thucyd.
534 3238 564 3283 v.
579 3223 626 3286 19.
650 3217 738 3298 Quid
749 3241 822 3282 vero
865 3217 1000 3294 laudato,
1016 3236 1061 3281 xv.
1081 3239 1112 3304 p.
1129 3217 1202 3283 277.
1217 3219 1335 3280 Pasas.
1384 3216 1424 3281 In
1446 3217 1539 3282 titulo

150 3325 188 3392 de
203 3325 368 3415 AEgyptiis
382 3325 612 3392 statuendum?
655 3326 695 3390 In
713 3348 821 3390 eorum
864 3335 978 3400 nostro,
985 3322 1039 3388 sed
1045 3335 1133 3409 parte
1142 3322 1303 3388 marmoris
1314 3346 1416 3399 exesa,
1423 3321 1537 3387 solum-

148 3430 232 3497 fastis
240 3429 351 3497 tertius
361 3430 444 3496 inter
455 3431 602 3496 aratorios
613 3445 679 3495 erat
687 3429 821 3495 Phame·
864 3431 957 3495 modo
968 3443 1056 3494 extat
1065 3428 1410 3514 Pto‚i.e.Hephoestos‚
1420 3452 1538 3494 numen

149 3537 242 3615 noth;
256 3536 310 3603 hic
322 3560 446 3622 quoque
455 3535 626 3602 Artemisio
638 3559 820 3624 congruens.
864 3550 947 3602 cene
963 3535 1098 3601 amicum
1113 3549 1145 3600 et
1159 3535 1458 3622 conjunctissimum.

148 3641 186 3708 In
207 3657 314 3709 nostra
336 3641 538 3728 insoliptione
562 3639 688 3704 videtur
711 3639 820 3725 depre·
905 3641 980 3706 Non
999 3666 1073 3730 ergo
1088 3646 1217 3718 nomine,
1234 3640 1345 3719 cedre,
1360 3641 1391 3706 h.
1408 3666 1434 3707 e.
1450 3643 1536 3709 cultu

148 3747 243 3815 hensa
257 3747 359 3835 prima
372 3747 492 3834 syllaba
507 3755 604 3814 [ITA.
627 3744 714 3810 Hinc
729 3745 820 3810 subo·
863 3749 1017 3838 religioso,
1032 3749 1153 3826 ritibus,
1170 3748 1364 3826 caerimoniis,
1380 3750 1536 3836 probatio-

149 3854 226 3919 ritur
245 3852 440 3939 conjectatio,
460 3852 619 3918 delituisse
637 3851 672 3915 in
687 3851 820 3915 Phame·
863 3877 936 3919 nem
954 3852 1087 3941 expedit
1101 3853 1157 3939 qui
1172 3853 1333 3918 decretum
1348 3855 1444 3922 hocce
1463 3880 1536 3922 con-

151 3959 226 4024 noth
247 3961 306 4038 τὴν
330 3957 442 4046 τριάδα
453 3961 553 4037 Puta,
570 3958 681 4034 Ancon,
705 3959 820 4034 ΤΙιοιΙι,
865 3959 981 4038 texuit.

151 4065 233 4150 quod
244 4065 270 4130 si
281 4088 391 4130 verum
403 4065 451 4143 sic,
463 4064 666 4151 quaestionem
675 4063 822 4129 facillime
908 4065 1119 4147 Quaestionem
1129 4065 1220 4155 attigi
1230 4066 1265 4131 in
1274 4067 1536 4146 commentariolo,

152 4170 288 4259 expedit.
461 4261 464 4268 1
864 4173 952 4260 cujus
966 4173 1001 4237 in
1016 4172 1212 4253 Praefatione‚
1227 4199 1280 4263 pp.
1293 4181 1322 4244 9.
1334 4199 1388 4261 sq„
1405 4175 1536 4241 mentio·

161 4271 165 4280 ’
191 4276 404 4368 Reperiuntur
438 4289 471 4344 et
499 4276 553 4344 alii
581 4299 703 4343 menses
736 4276 820 4365 apud
863 4301 935 4342 nem
954 4275 1024 4343 feci.
1068 4277 1165 4360 Plura
1181 4277 1216 4342 in
1235 4278 1387 4344 Auctaiio
1406 4278 1536 4365 hujusce

793 4387 810 4422 ⁴
827 4386 879 4446 οἳ
