3818 5094
689 485 1048 553 PHILADELPHIA.
1522 497 1560 557 31

163 677 220 721 nec
231 655 301 742 jam
324 655 459 744 amplius
480 668 601 722 versata
615 656 650 720 in
669 657 848 746 principum
870 659 1029 737 memoria,
1045 671 1195 747 praeterea
1209 684 1227 726 a
1241 661 1372 727 barbara
1392 685 1489 728 manu
1503 663 1562 728 cir-

166 787 329 843 cumsessa,
345 765 494 831 virtutem
509 765 628 831 civium
639 766 796 854 fidemque
811 767 1092 858 inexpugnabilem
1107 792 1163 856 per
1177 768 1337 856 octoginta
1352 792 1448 833 annos
1463 783 1564 834 osten-

166 881 306 935 taverat:
328 893 387 935 nec
402 869 530 934 demum
553 869 665 935 victori
679 871 920 936 insolentissimo
940 872 1047 937 dedita
1072 895 1130 936 arx
1152 871 1212 936 nisi
1236 871 1380 959 pactione
1396 871 1563 938 deditionis

167 973 254 1040 facta.
299 976 388 1040 Inter
403 975 549 1042 Coloniae
560 976 715 1042 Asiaticas
730 977 957 1065 Ecclesiasque,
973 978 1126 1043 columnae
1141 977 1238 1042 instar
1252 1002 1346 1064 quam
1361 977 1563 1046 circumstant

166 1081 306 1167 undique
322 1097 438 1170 strages
453 1097 485 1150 et
498 1083 598 1161 ruina,
613 1086 687 1150 urbs
702 1085 951 1175 Philadelphena
965 1087 1060 1151 etiam
1074 1111 1159 1152 nunc
1174 1087 1292 1152 durat.'’

229 1186 347 1253 Maenia
361 1188 472 1265 adhuc,
488 1188 731 1276 propugnacula,
747 1189 902 1277 fragmina
916 1190 1126 1276 aquaeductus,
1142 1190 1228 1256 curia
1242 1190 1277 1256 in
1297 1190 1442 1279 acropoli,
1455 1215 1560 1256 muro-

166 1319 235 1360 rum
247 1309 353 1383 portae‚
364 1295 527 1383 aspicienti
539 1295 640 1372 obvia,
650 1295 815 1361 referentia
826 1318 901 1360 vero
912 1293 1041 1371 telluris,
1049 1294 1266 1381 bellorumque
1282 1295 1560 1380 conquassationes.

167 1402 244 1466 Erat
259 1424 383 1488 quoque
399 1400 657 1489 Philadelphenis
672 1425 764 1466 suum
778 1400 886 1466 fanum
903 1400 1011 1467 Sancti
1026 1400 1192 1488 Theologi.
1236 1401 1382 1466 AEdificii
1397 1425 1461 1466 non
1476 1426 1560 1490 sper-

167 1507 263 1573 nendi
276 1521 446 1574 cernuntur
460 1509 613 1576 columnae
628 1533 819 1595 arcuumque
830 1508 978 1597 vestigia:
993 1508 1048 1574 sed
1058 1507 1163 1574 locum
1173 1521 1325 1574 sacratum
1337 1523 1445 1574 tenent
1455 1510 1559 1574 Imau-

166 1616 273 1682 mitica
286 1616 464 1704 superstitio
479 1615 666 1701 fraudesque
681 1614 1000 1703 pseudoprophetissa.

230 1722 405 1811 Episcopus
420 1719 688 1807 Philadelphenus
710 1731 756 1784 est
770 1716 1049 1805 Metropolitanus:
1073 1715 1240 1802 aliquando
1259 1739 1322 1779 non
1344 1715 1430 1794 item,
1451 1731 1560 1804 utpote

169 1829 318 1894 Sardiano
332 1828 483 1904 subditus,
502 1825 563 1904 vel,
579 1825 665 1911 quod
675 1825 772 1902 aiunt,
789 1824 1010 1912 suffraganeus.
1056 1823 1128 1889 Hoc
1145 1822 1366 1911 partitionibus
1381 1823 1559 1910 provinciae,

167 1959 235 2019 quse
251 1935 327 2000 olim
341 1934 546 2011 invaluerant,
567 1933 745 2010 tribuerim
767 1956 841 1997 nam
853 1931 976 1997 Plinius
990 1943 1128 2008 testatur,
1145 1930 1229 1996 cives
1244 1928 1472 2016 Philadelphiae
1488 1953 1560 1994 cum

165 2039 274 2105 ceteris
288 2039 333 2106 ibi
348 2039 526 2104 memoratis
539 2038 574 2102 in
584 2038 836 2124 jurisdictionem
853 2037 1036 2112 Sardianam
1051 2036 1242 2103 convenisse.

230 2146 279 2212 Cf.
296 2146 378 2211 Plin.
398 2166 429 2209 v.
449 2150 522 2222 30.;
547 2143 649 2210 Strab.
670 2165 729 2207 x11.
749 2167 780 2231 p.
802 2145 862 2220 76,
882 2162 956 2206 1111.
976 2165 1008 2229 p.
1028 2146 1097 2207 155.
1115 2141 1258 2206 Tauchn.
1304 2139 1436 2205 Ptolem.
1457 2160 1487 2202 v.
1509 2142 1559 2216 2.;

168 2253 304 2318 Gibbon.
322 2252 361 2316 Τ.
377 2271 435 2315 vn.
451 2273 482 2337 p.
499 2251 581 2326 462,
597 2268 669 2313 vm.
685 2271 716 2334 p.
730 2252 802 2325 68.;
825 2245 1025 2312 Itinerarium
1039 2245 1209 2311 Arundelli
1225 2249 1338 2330 (1828)
1354 2269 1384 2332 p.
1405 2246 1473 2312 172.

533 2373 551 2405 1

640 2373 658 2406 ss
747 2370 764 2406 1
854 2369 871 2405 ff
962 2369 980 2404 Ι
1069 2369 1087 2404 1
1176 2369 1193 2402 R

231 2459 270 2522 In
285 2453 506 2542 Philadelphia
516 2466 732 2529 commoratus,
745 2449 962 2538 inscriptiones
973 2462 1107 2535 quatuor
1121 2449 1155 2514 in
1171 2447 1299 2514 schedas
1313 2448 1415 2525 retuli,
1429 2471 1561 2533 quarum

169 2575 228 2627 tres
242 2561 444 2648 insigniores:

231 2691 257 2731 a.
282 2664 409 2730 Titulus
424 2675 532 2729 statuae
547 2661 581 2727 in
591 2662 743 2727 honorem
757 2661 818 2725 viri
834 2661 1010 2739 consularia,
1023 2661 1127 2727 Flavii
1136 2661 1285 2728 Archelai
1298 2661 1474 2738 Claudiani,
1489 2684 1559 2748 pro-

169 2786 294 2839 curante
310 2772 453 2861 Glycona
468 2771 520 2837 vel
531 2770 681 2859 Glykiue,
698 2769 791 2836 curiae
807 2768 946 2857 praeside,
962 2770 1014 2836 vel
1029 2793 1185 2834 assessore.

230 2881 260 2944 b.
284 2879 510 2966 Fragmentum
529 2876 686 2964 poematii,
703 2875 745 2941 ex
756 2875 861 2963 lapide
876 2875 1018 2964 angulari
1033 2875 1067 2939 in
1082 2899 1155 2941 arcu
1167 2873 1323 2940 exteriore
1340 2874 1468 2962 Templi
1482 2897 1560 2961 prae-

169 2984 253 3061 dicti,
272 2983 304 3050 S.
319 2984 341 3049 J
342 2982 460 3048 oannis.
506 2982 767 3071 Supplementum
783 3005 826 3046 ex
840 2980 992 3066 relliquiis
1006 2979 1134 3046 tentavi.

229 3115 256 3156 c.
279 3090 524 3155 Monumentum
545 3087 715 3177 sepulcrale
728 3115 737 3166 3
759 3112 801 3153 ex
824 3087 1004 3175 pavimento
1029 3109 1087 3174 pro
1116 3084 1183 3150 aede
1204 3085 1347 3162 Turcica,
1369 3085 1560 3150 Yelrtinnolt-

167 3197 315 3283 djidmmt.
360 3195 481 3262 Locum
496 3194 595 3260 Heroi
610 3194 773 3279 cujusdam
787 3193 927 3281 insignit.

230 3305 260 3369 b.
285 3301 412 3367 Titulus
427 3300 614 3390 sepulcralis,
630 3300 664 3365 in
678 3300 860 3366 memoriam
875 3313 1024 3364 matronae
1039 3297 1256 3364 Artemidorae.
