3818 5094
364 496 404 555 42
776 484 1123 552 INSORIPTIONES
1145 483 1336 552 GRAECAE.

363 661 519 726 maehum.
556 658 694 724 Demum
711 681 785 723 vero
809 657 1004 746 oppugnanti
1019 657 1118 735 cessit,
1129 655 1263 723 dedente
1279 655 1453 736 Theodoto,
1468 681 1541 724 cum
1556 657 1611 744 qui
1626 664 1748 732 inerant

361 766 522 832 thesauris.

427 875 467 939 In
489 871 596 960 praelio
619 867 704 957 apud
719 866 831 934 Sardes
854 867 1017 934 victoriam
1036 869 1075 936 ab
1089 868 1251 936 Antiocho
1274 871 1445 959 reportavit
1459 871 1617 942 Eumenes
1632 877 1749 966 Perga-

363 1005 481 1058 menus,
494 979 549 1066 qui
563 978 680 1045 exinde
694 976 799 1065 praeda
813 989 919 1065 optata
933 977 1058 1056 ducum,
1073 977 1160 1055 Asia,
1176 977 1294 1067 potitus
1308 992 1363 1045 est.

426 1085 604 1151 Antiochus
612 1085 758 1172 Magnus,
773 1084 807 1149 in
818 1084 901 1151 bello
915 1099 1024 1152 contra
1031 1086 1195 1164 Achaeum,
1207 1087 1328 1165 Sardes,
1344 1111 1471 1154 ascensu
1486 1090 1526 1155 ad
1541 1113 1643 1158 arcem
1658 1091 1750 1170 facto,

364 1191 456 1277 cepit,
472 1189 635 1275 tenuitque
650 1212 706 1276 per
725 1207 793 1251 xxv
812 1210 917 1254 annos.
962 1189 1011 1253 Eo
1026 1204 1096 1277 post
1110 1190 1251 1278 praelium
1265 1190 1434 1257 infaustum
1457 1218 1530 1260 cum
1547 1195 1694 1284 Scipione
1718 1221 1751 1263 sc

363 1297 490 1386 recepit,
506 1311 538 1362 et
552 1295 758 1384 postmodum,
769 1295 904 1360 discessu
914 1296 1004 1373 sacto,
1015 1297 1134 1363 Zenoni
1149 1298 1251 1386 legato
1266 1299 1483 1366 custodiendas
1497 1302 1641 1368 tradidit:
1658 1304 1753 1369 adve-

364 1406 523 1472 nientibus
541 1429 615 1471 vero
631 1404 789 1481 Romanis,
803 1403 837 1468 in
852 1404 948 1471 fidem
966 1405 1122 1472 victorum
1140 1431 1173 1473 sc
1191 1406 1392 1473 contulenmt
1410 1407 1503 1486 cives,
1523 1409 1752 1496 stationemque

364 1511 484 1578 consuli
499 1511 699 1598 praebuerunt
712 1509 831 1575 urbem.

428 1620 518 1685 Bello
534 1618 750 1684 Mithridatico
764 1617 923 1706 flagrante,
944 1640 1002 1682 rex
1022 1616 1107 1704 apud
1122 1617 1287 1683 Sardianos
1305 1631 1404 1684 castra
1417 1617 1537 1685 habuit.
1582 1619 1667 1686 Dein
1681 1633 1754 1708 post

365 1725 467 1793 clades
491 1751 509 1791 a
525 1724 613 1792 Sulla
626 1723 735 1800 illatas,
759 1721 843 1789 cives
866 1722 1022 1808 ceterique
1036 1721 1123 1787 Asiae
1146 1723 1329 1811 complures,
1346 1724 1527 1812 exemplum
1542 1725 1753 1813 Ephesiorum

365 1834 497 1922 sequuti,
514 1832 705 1898 deditionem
720 1830 870 1897 Romanis
884 1830 1032 1897 fecerunt.

430 1938 558 2005 Tiberio
573 1927 767 2026 imperatdre,
787 1937 1105 2004 nomen'Sardianum
1123 1960 1188 2002 non
1201 1936 1295 2026 longe
1310 1938 1416 2003 aberat
1430 1936 1507 2024 quin
1521 1936 1615 2003 fuerit
1629 1936 1753 2003 extinc-

365 2061 432 2111 tum
448 2059 574 2132 propter
587 2057 690 2108 motus
703 2055 793 2108 terrae
806 2041 976 2128 horrendos
991 2041 1046 2128 qui
1054 2041 1165 2108 Asiam
1176 2065 1257 2129 pene
1271 2056 1368 2106 totam
1383 2057 1582 2107 vexaverant.
1617 2042 1755 2120 “Lues,”

366 2149 478 2216 Tacito
492 2162 626 2226 auctore,
643 2146 783 2212 “eratin
799 2145 964 2224 Sardianos
979 2147 1171 2234 asperrima.”
1215 2147 1399 2214 Liberalitas
1413 2149 1612 2236 imperatoria
1624 2174 1756 2240 magno·

364 2282 438 2347 pere
452 2256 596 2322 laudatur
611 2280 629 2320 a
645 2254 806 2331 Strabone,
822 2278 892 2340 quae
911 2268 943 2320 et
957 2269 1083 2334 ceteras,
1099 2280 1231 2341 quarum
1253 2281 1301 2322 res
1325 2256 1445 2322 afflictae
1460 2257 1591 2334 fuerant,
1612 2257 1755 2325 civitates

365 2362 478 2451 attigit,
494 2359 633 2427 aedificiis
647 2360 806 2438 restitutis,
821 2359 1028 2449 vectigalibus
1046 2361 1189 2427 remissis.
1234 2362 1272 2427 In
1291 2361 1473 2428 memoriam
1492 2362 1537 2428 rei
1551 2363 1683 2442 nummi,
1699 2364 1755 2451 qui

366 2471 469 2538 adhuc
483 2481 602 2546 extant,
618 2468 684 2534 cusi
700 2468 813 2554 quibus
826 2469 1011 2557 inscriptum
1028 2475 1306 2537 CIVITATIBVS
1320 2517 1328 2532 .
1343 2477 1448 2537 ASlAE
1463 2518 1471 2534 .
1487 2477 1754 2539 RESTITVTIS.

428 2574 497 2641 Nec
511 2573 605 2639 solius
616 2573 738 2640 Tiberii
752 2598 790 2640 ea
803 2572 870 2639 laus
881 2572 950 2638 fuit.
995 2572 1174 2639 Hadrianus
1188 2573 1302 2640 iterum
1314 2573 1418 2640 diruta
1431 2573 1548 2652 refecit,
1562 2575 1754 2664 meritusque

366 2693 412 2746 est
426 2679 553 2746 titulum
568 2677 712 2744 Neocori.
756 2678 845 2743 Idem
860 2700 964 2741 rursus
978 2676 1159 2742 Antoninus
1174 2677 1258 2743 Pius.

426 2767 533 2850 Sensu
546 2783 768 2850 munificentiae
784 2784 961 2850 Tiberiane
975 2785 1108 2872 permoti
1122 2785 1217 2873 legati
1233 2808 1275 2850 ex
1291 2784 1449 2851 Sardianis
1464 2785 1596 2852 Romam
1612 2787 1758 2854 adierunt

366 2905 402 2957 ut
416 2891 541 2957 veniam
555 2891 758 2980 impetrarent
772 2892 882 2980 templi
896 2892 1094 2958 inhonorem
1110 2893 1308 2981 Imperatoris
1323 2893 1472 2959 struendi.
1517 2893 1556 2959 Id
1570 2918 1645 2959 vero
1660 2894 1755 2961 dene·

365 3013 474 3086 gatum
490 3021 667 3083 quanquam
682 3013 865 3086 argumento
879 2997 942 3064 usis
957 2998 1224 3087 consanguinitate
1239 2999 1368 3086 antiqua
1381 3023 1454 3065 eum
1469 2999 1618 3066 Etruscis.

430 3104 594 3192 Regnante
601 3103 738 3181 Juliano,
755 3128 811 3168 arx
827 3103 1004 3170 ethnicismi
1020 3118 1085 3170 erat
1094 3103 1204 3192 Lydiae
1215 3105 1404 3193 metropolis.
1427 3104 1477 3170 Ibi
1491 3119 1582 3170 natus
1596 3119 1643 3170 est
1652 3106 1757 3195 Chry-

366 3210 502 3288 santhus,
518 3233 611 3297 quom
623 3209 804 3293 Histrio(a),
820 3210 969 3276 suadente
980 3211 1114 3278 Libanio
1129 3210 1339 3288 Antiocheno,
1350 3210 1536 3276 Pontificem
1546 3211 1657 3298 Lydia
1672 3211 1756 3280 feeit.

366 3317 417 3383 Ibi
431 3341 555 3403 quoque
568 3315 759 3404 Chrysanthi
770 3316 879 3394 affinis,
895 3317 1022 3404 odiique
1037 3318 1104 3402 ejus
1119 3317 1152 3381 in
1168 3317 1360 3383 Christianos
1375 3317 1538 3406 particeps,
1554 3317 1609 3403 qui
1626 3317 1755 3407 Sophis-

369 3439 470 3490 tarum
486 3423 567 3488 vitas
581 3422 755 3500 contexuit,
771 3423 943 3511 Eunapius.

732 3546 750 3582 1
838 3546 856 3582 1
945 3547 962 3582 1
1052 3547 1069 3582 1
1158 3547 1175 3578 1
1264 3547 1281 3582 1
1370 3547 1388 3582 1

433 3628 566 3715 Propter
585 3650 686 3693 arcem
707 3625 956 3703 munitissimam,
973 3626 1072 3692 Croesi
1091 3626 1218 3715 regiam,
1234 3626 1369 3714 Cybeles
1383 3626 1545 3715 templum,
1560 3626 1684 3695 fuerant
1693 3631 1760 3717 jam

371 3735 427 3800 diu
437 3733 548 3801 Sardes
563 3733 735 3798 celebrata.
779 3730 944 3797 Proverbii
955 3730 1023 3795 loco
1035 3742 1109 3807 erat,
1122 3728 1177 3816 qui
1191 3728 1328 3794 laborem
1343 3729 1519 3795 inauditum
1534 3731 1757 3812 exantlaverat,

368 3845 427 3920 τὴν
450 3839 591 3927 σᾶρδεων
614 3838 791 3926 ἆκρόπολιν
816 3836 1027 3927 καθῃρηκέναι.
1071 3836 1172 3902 AEdes
1195 3836 1288 3925 reglae
1311 3850 1418 3925 postea
1436 3837 1563 3903 fuerunt
1586 3838 1758 3907 senioribus

370 3941 504 4012 civitatis
518 3945 552 4008 in
566 3945 738 4032 hospitium
753 3944 849 4023 datae3
872 3945 989 4011 exinde
1003 3967 1118 4009 nomen
1133 3942 1297 4009 Gerusiam
1312 3943 1426 4008 sortitae
1441 3959 1661 4010 memorantur.

436 4053 559 4118 Pariter
573 4077 644 4120 cum
660 4053 806 4142 Ephesiis
821 4072 909 4120 erant
923 4054 1034 4119 Diana
1049 4053 1182 4118 cultores
1199 4051 1350 4119 Sardiani.
1373 4052 1517 4141 Virginis
1531 4051 1659 4118 titulum
1674 4077 1757 4118 com-

540 4276 584 4358 (o)
597 4277 629 4338 '0
644 4281 787 4358 trespach,
802 4299 839 4340 sc.
854 4281 991 4341 Julianus
1004 4281 1081 4360 imp,
1096 4281 1127 4340 in
1141 4281 1425 4362 S.Chrysostom.11.
1439 4302 1466 4361 p.
1477 4280 1542 4344 562.
1552 4283 1587 4341 Β.
