3818 5094
713 471 965 539 THYATIRA.
1487 477 1530 542 55

144 668 227 724 num,
239 646 293 713 cui
303 645 410 712 fanum
421 643 604 723 struebatur,
616 643 746 712 testibus
756 643 1009 733 inscriptionibus
1023 642 1237 732 cummisque:
1252 643 1442 712 Caracallum
1454 669 1531 734 quo-

144 777 212 840 que,
228 776 291 838 quo
306 765 455 840 regnante
470 750 599 817 titulum
615 753 772 840 νεωκόρον
786 750 897 818 civitas
911 750 1024 839 adepta
1037 761 1093 817 est

205 858 275 925 Nec
293 856 453 924 literarum
478 870 567 923 erant
591 855 690 922 obliti.
734 855 893 923 Nicander
917 855 1129 945 'Ibyatirenue
1153 854 1366 944 compluribus
1390 856 1467 924 locis
1490 860 1529 927 ab

143 965 298 1031 Athenaeo
321 975 517 1042 memoratur,
537 963 757 1052 grammaticus
779 977 812 1031 et
832 963 1088 1053 glossographus:
1110 987 1164 1030 ex.
1180 987 1207 1029 e.
1222 983 1272 1027 111.
1288 985 1321 1050 p.
1337 963 1387 1030 76.
1402 987 1447 1043 a.;
1469 985 1528 1030 vn.

142 1074 215 1135 320.
230 1093 276 1148 c.;
299 1090 344 1134 x1.
359 1070 432 1135 461.
447 1069 467 1134 f.
512 1069 658 1135 (litantur
672 1068 812 1156 ejusdem
827 1070 932 1137 ἆττικὰ
947 1073 1087 1154 ὀνόματα
1101 1067 1135 1132 in
1150 1087 1204 1132 xv.
1220 1069 1292 1135 678.
1307 1066 1328 1132 f.

205 1179 246 1244 In
264 1177 357 1244 sacris
379 1176 540 1243 codicibus
562 1187 759 1252 memoratur,
775 1173 835 1239 via.
846 1173 978 1239 inActt.
987 1172 1099 1260 Apost
1112 1192 1180 1237 xvr.
1193 1177 1294 1237 laus
1310 1172 1396 1240 locus
1418 1172 1530 1239 natalis

142 1282 263 1372 Lydius,
271 1305 478 1371 purpurarum
492 1280 681 1357 venditricis‚
694 1303 764 1366 quse
776 1279 808 1346 S.
814 1279 913 1345 Paulo
927 1293 960 1345 et
968 1277 1076 1345 comiti
1087 1277 1259 1366 hospitium
1269 1277 1370 1345 libens
1384 1278 1527 1367 praebuit.

141 1387 304 1476 Angelum
323 1409 448 1473 quoque
471 1385 609 1453 ecclcsiae
624 1384 825 1473 'Ibyatirenae
848 1383 1016 1471 alloquitur
1041 1383 1177 1473 Spiritus
1200 1384 1342 1463 Sanctus,
1356 1399 1394 1452 ut
1406 1387 1529 1454 notissi-

142 1513 239 1568 mum,
253 1489 288 1555 in
299 1488 501 1578 Apocalypsi.
517 1511 566 1577 ep.
582 1508 604 1552 1.
621 1492 678 1566 11.,
693 1508 729 1552 11.
746 1492 793 1552 18.

202 1743 358 1833 Thyatira
380 1743 444 1811 adii
458 1743 493 1809 V
510 1743 581 1810 Kal.
597 1742 751 1820 Octobris,
780 1755 812 1808 et
831 1766 888 1831 per
905 1743 1045 1808 triduum
1068 1756 1275 1811 commoratus
1302 1745 1527 1837 epigrammata

140 1848 292 1936 quaedam,
304 1847 474 1936 praesertim
487 1845 523 1910 in
536 1845 605 1912 loco
619 1845 675 1912 ubi
690 1869 775 1912 nunc
789 1860 836 1912 est
849 1846 1062 1913 coemeterium
1072 1845 1271 1929 Armenium,
1286 1850 1321 1916 in
1336 1853 1464 1920 schedas
1478 1879 1525 1922 re.

140 1955 208 2020 tuli.
253 1953 389 2042 Lapides
411 1952 596 2042 sepulcrales
619 1953 826 2042 utplurimum
840 1978 883 2021 ex
897 1953 1004 2043 spoliis
1018 1954 1207 2043 templorum
1221 1959 1420 2047 antiquorum
1435 1987 1525 2052 gym-

139 2059 358 2146 nasiorumque
377 2059 571 2127 conflentur:
592 2085 651 2127 nec
665 2060 732 2126 vidi
747 2060 863 2128 alicubi
877 2075 1026 2149 praterea
1040 2063 1158 2150 quevis
1176 2064 1250 2132 artis
1269 2080 1398 2135 vetuste
1416 2094 1526 2137 monu-

137 2179 252 2244 menta,
267 2165 328 2232 nisi
342 2166 576 2256 sarcophagum,
597 2167 648 2233 cui
663 2169 845 2256 operculum
860 2168 1033 2235 detractum
1047 2168 1157 2248 fuerat,
1173 2170 1207 2236 in
1228 2174 1386 2262 superiore
1406 2177 1525 2244 ambitu

139 2275 235 2352 urbis,
249 2287 283 2340 et
304 2274 425 2363 sculpta
439 2275 581 2363 quaedam
596 2277 830 2365 ἆρχιτεκτονικιὶ
845 2260 985 2366 ςιιωῬθῐ
999 2277 1065 2344 vias
1079 2277 1220 2366 publicas
1234 2279 1308 2347 hinc
1327 2280 1402 2348 inde
1425 2307 1528 2372 sparsa

139 2381 276 2448 melioris
289 2381 350 2446 oevi
363 2383 545 2449 memoriam
559 2385 755 2450 revocabant

203 2488 346 2556 Ecclesia
374 2505 479 2556 manet
503 2491 615 2568 adhuc,
639 2515 738 2578 eaque
760 2491 843 2559 intra
860 2493 937 2559 lines
950 2493 1177 2579 jurisdictionis
1196 2493 1373 2584 Ephesinae.
1416 2496 1527 2563 Manet

140 2593 294 2682 templum
310 2593 533 2671 Christianum,
554 2607 586 2660 at
604 2593 765 2660 humiliori
783 2620 841 2684 pro
855 2595 979 2662 fortuna
991 2597 1061 2664 loco
1080 2599 1226 2687 positum,
1242 2600 1479 2690 despiciuntque
1494 2603 1528 2668 in

139 2719 264 2764 crucem
277 2697 478 2764 barbarorum
497 2697 674 2784 superstitio
688 2697 844 2785 furorque.
888 2700 1001 2767 Insunt
1014 2703 1195 2782 sacerdotes,
1211 2727 1268 2771 nec
1282 2707 1406 2794 penitus
1420 2709 1526 2776 exole-

138 2803 186 2868 vit
206 2803 348 2870 doctrina
358 2802 392 2868 in
411 2803 524 2870 scholis
539 2828 615 2891 quas
625 2804 762 2894 benigne
781 2819 926 2895 acceptus
947 2808 1096 2875 visebam.
1139 2809 1172 2876 N
1173 2834 1214 2876 on
1228 2811 1341 2878 desunt
1355 2813 1432 2880 adeo
1445 2815 1530 2882 inter

138 2909 239 2974 tristia
260 2910 436 2997 spectacula
459 2910 568 2977 mortis
587 2935 656 3000 spes
674 2911 867 2979 liberationis
887 2938 905 2981 a
926 2916 1044 2982 morbo.
1089 2916 1186 2983 Faxit
1200 2916 1288 2982 Deus
1307 2918 1361 3005 qui
1377 2919 1525 2986 Ecclesia

138 3014 331 3103 Apostolicae
350 3021 436 3080 novit
449 3041 546 3102 opera
566 3029 597 3082 et
617 3022 783 3083 caritatem
804 3030 835 3083 et
848 3021 1163 3087 subministrationem
1184 3026 1322 3108 etfidem
1343 3035 1373 3088 ct
1388 3027 1524 3090 toleran-

160 3125 166 3136 '
230 3123 242 3170 1

139 3130 217 3185 imm
227 3171 234 3185 .
554 3224 573 3258 1
662 3223 680 3257 1
767 3226 786 3268 0
874 3224 893 3258 ⁵
981 3231 999 3267 1
1090 3227 1108 3261 1
1197 3227 1215 3261 Ο

203 3329 353 3416 Sequitur
366 3329 503 3396 recensio
517 3328 680 3395 tinulorum
695 3328 968 3417 Thyatirenom
989 3332 1044 3418 qui
1059 3332 1265 3420 utplurimum
1283 3335 1476 3424 sepulcrales,
1492 3351 1524 3404 et

139 3435 172 3502 in
186 3436 308 3503 ambitu
321 3436 494 3524 sepulcrali,
510 3459 551 3502 so.
562 3434 761 3514 Armeniaco,
777 3435 929 3502 orientem
943 3461 1050 3504 versus
1063 3438 1174 3526 posito,
1190 3439 1337 3529 descripti
1351 3455 1432 3507 sunt

201 3566 230 3610 a.
251 3541 476 3631 Fragmentum
499 3540 585 3608 tituli
607 3541 780 3620 honorifici,
800 3541 987 3609 crediderim
1001 3543 1109 3610 Catilii
1126 3544 1244 3623 Severi,
1266 3546 1327 3611 viri
1353 3547 1522 3614 consularis

139 3659 234 3734 temp.
246 3645 401 3712 Hadriani
413 3647 493 3735 Imp.
505 3645 664 3735 Descripsi
676 3671 718 3713 ex
728 3647 833 3736 lapide
844 3647 878 3712 in
893 3648 1011 3715 edibus
1024 3649 1056 3716 S.
1069 3650 1185 3729 Basilii,
1198 3674 1267 3737 quae
1282 3675 1366 3718 nunc
1377 3650 1522 3719 Moham·

139 3751 287 3818 medanae.
332 3753 410 3818 Erat
420 3776 509 3841 pene
519 3765 603 3818 totus
613 3775 713 3842 gypso
727 3767 899 3843 coopertus,
911 3755 956 3821 ita
966 3767 1002 3822 ut
1016 3769 1134 3845 septem
1144 3769 1267 3824 tanum
1277 3756 1381 3824 literas
1395 3781 1523 3826 exarare

139 3873 237 3947 posu.

201 3965 233 4032 b.
255 3964 320 4032 Hic
336 3964 556 4054 Thyatirenus,
581 3980 612 4034 at
633 3990 697 4032 non
715 3966 750 4032 in
768 3967 930 4057 Thyatiris
949 3968 1130 4058 descriptus.
1173 3968 1286 4034 Inveni
1309 3970 1393 4057 apud
1415 3970 1521 4038 vicum

140 4069 286 4149 Yaiakul,
298 4070 380 4137 inter
390 4071 579 4160 Pergamum
593 4084 626 4138 et
634 4070 839 4160 Magnesiam,
851 4071 885 4136 in
900 4071 984 4138 atrio
993 4071 1108 4137 redium
1122 4069 1261 4159 praefecti
1271 4070 1398 4138 Turcici
1408 4073 1521 4155 (Kara-

142 4176 384 4266 osum-Oglt),
399 4177 456 4244 ubi
470 4176 557 4266 lapis,
572 4176 740 4263 aliquando
755 4174 867 4253 altaris,
877 4198 967 4241 ¹nunc
979 4174 1120 4242 mortarii
1134 4174 1203 4241 vice
1216 4174 1351 4254 functus,
1362 4177 1455 4263 jacet.

203 4309 230 4352 c.
253 4283 332 4352 Haec
345 4283 380 4350 in
394 4282 571 4351 coemeterio
585 4281 774 4349 Armeniaco
789 4281 943 4370 descripta
956 4295 1037 4347 sunt.
1061 4280 1138 4348 Erat
1152 4280 1261 4349 titulus
1275 4281 1308 4347 in
1323 4282 1389 4350 basi
1404 4294 1520 4362 statuae‚
