3818 5094
317 465 359 528 aa
730 459 1079 530 mscnurrouns
1103 461 1293 532 onnon.
1364 549 1367 558 p

319 657 389 723 que
411 632 513 722 posita
525 632 626 700 fuerat
638 657 668 698 a
690 632 818 700 civitate
840 633 1045 701 inhonorem
1059 634 1225 724 Apollonii
1244 635 1379 720 (Jtutir)
1398 635 1525 704 victoris
1549 636 1584 701 in
1598 657 1708 714 *curm

318 767 465 812 coronam
479 741 585 830 adepti
599 753 658 808 ete.

383 853 414 918 d.
436 850 529 916 Alter
539 848 650 914 titulus
660 846 858 924 honorificus,
870 845 904 910 in
915 845 1041 912 laudem
1051 845 1219 912 Menandri
1234 845 1395 931 cujusdam
1411 845 1465 934 qui
1476 847 1511 912 in
1520 846 1711 913 luctatorum

319 955 487 1024 certamine
501 952 619 1020 eximie
633 975 666 1017 se
680 962 824 1039 gesserat.
869 948 975 1016 Decus
986 949 1135 1017 collatam
1149 961 1216 1017 erat
1229 974 1248 1015 a
1253 951 1424 1038 juvenibus
1434 951 1608 1041 primcnun
1618 975 1710 1040 gym-

319 1062 476 1133 nasiorum
491 1055 725 1124 Heracleorum.

384 1191 411 1233 a.
434 1165 660 1253 Fragmentum
673 1158 894 1247 inscriptionis,
910 1159 996 1246 quod
1010 1183 1083 1225 cum
1097 1161 1219 1229 duabus
1240 1185 1310 1249 qua
1324 1176 1465 1251 preeunt
1477 1162 1512 1228 in
1533 1162 1712 1230 ooemeterio

323 1270 480 1339 antedicto
494 1267 612 1334 inveni.
656 1265 889 1332 Difficillimum
907 1278 955 1332 est
968 1289 1091 1333 sensum
1111 1268 1278 1357 expedire3
1300 1268 1485 1336 crediderim
1498 1293 1574 1336 vero
1588 1291 1650 1335 arae
1665 1269 1712 1334 in·

320 1378 473 1465 sculptam
481 1373 631 1452 extitisse,
643 1386 676 1440 et
686 1371 992 1452 abAureliaMatria,
1004 1375 1039 1439 in
1050 1375 1297 1443 recordationem
1305 1375 1370 1442 litis
1380 1397 1450 1463 quas
1458 1375 1488 1442 ei
1497 1374 1679 1459 cum(Julio
1685 1381 1713 1458 Ρ)

321 1483 433 1549 Attico
447 1481 661 1547 intercesserat
674 1477 715 1545 ad
728 1478 823 1543 finem
839 1477 1005 1566 pertincte,
1020 1477 1162 1566 positam.
1540 1511 1541 1514 ¹

384 1589 406 1655 f.
429 1587 595 1676 Inscriptio
609 1585 842 1663 bellissimaex
855 1586 1045 1675 sarcophago
1060 1586 1094 1651 in
1108 1586 1267 1675 superiore
1281 1586 1398 1675 oppido
1412 1587 1584 1675 desumpta.
1622 1586 1714 1654 Jaoet

321 1694 356 1759 in
366 1693 457 1758 horto
472 1689 617 1780 praefecti,
633 1714 652 1756 a
666 1713 729 1775 quo
744 1688 937 1755 occasionem
948 1689 1144 1757 describendi
1158 1705 1267 1759 nactus
1281 1717 1359 1758 sum.
1375 1693 1453 1760 Erat
1467 1697 1486 1774 ἡ
1501 1702 1600 1782 σορὸς
1615 1695 1712 1784 insig-

321 1789 370 1865 nis
384 1797 548 1886 cujusdam
561 1794 632 1873 viri,
648 1793 740 1860 Fabii
757 1792 883 1858 Zosimi.

385 1931 415 1995 g.
439 1905 566 1971 Titulus
588 1902 776 1993 sepulcralis,
792 1901 942 1969 trifariam
961 1902 1102 1991 partitus.
1146 1904 1306 1994 Descripsi
1325 1930 1368 1973 ex
1390 1907 1532 1994 sepulcro
1547 1908 1711 1986 Armenio,

321 2013 414 2080 valde
433 2012 507 2078 trito
521 2011 692 2097 fractoque.
735 1993 837 2074 Erant
858 2032 950 2097 porro
973 2009 1116 2096 quedam
1139 2010 1179 2075 ad
1198 2035 1316 2079 morem
1336 2011 1561 2080 Armeniacum
1580 2014 1615 2080 in
1633 2016 1712 2083 facie

321 2119 434 2208 lapidis
449 2117 518 2206 (qui
534 2132 625 2206 antea
639 2141 709 2205 pars
723 2128 779 2195 τῆς
795 2123 894 2205 σοροῦ
908 2117 1023 2200 fuerat)
1038 2117 1166 2206 sculpta,
1182 2142 1251 2204 quae
1265 2118 1416 2185 exarandi
1430 2118 1568 2186 laborem
1583 2144 1712 2211 magno·

322 2249 395 2314 pere
419 2225 585 2313 augebant.
629 2221 819 2288 Ponentium
838 2221 967 2287 nomina
984 2221 1112 2288 desunt:
1134 2223 1343 2310 subjiciuntur
1365 2249 1439 2292 vero
1462 2225 1622 2304 adfinem,
1638 2228 1670 2292 h.
1685 2253 1711 2294 e.

322 2331 357 2396 in
372 2330 481 2397 ordine
496 2329 598 2406 tertio,
614 2329 757 2416 quaedam
772 2328 823 2394 vel
837 2328 978 2394 affinium
997 2328 1049 2395 vel
1064 2329 1243 2409 amicorum,
1259 2330 1373 2419 quibus
1385 2331 1511 2398 fortasse
1524 2333 1578 2418 jus
1601 2334 1712 2422 sepeli·

283 2437 286 2443 ’
322 2439 397 2506 endi
408 2438 442 2503 in
456 2436 646 2525 sarcophago
660 2434 762 2500 fuerat
775 2457 963 2501 concessum.
1008 2433 1055 2498 Hi
1065 2457 1108 2500 ex
1122 2432 1241 2501 familia
1250 2435 1445 2514 Anneorum,
1456 2436 1508 2504 vel
1522 2439 1711 2516 Anniorum,

322 2544 416 2609 fuisse
431 2543 585 2620 videntur,
598 2556 630 2608 et
644 2540 679 2606 in
689 2554 927 2606 monumentum
942 2539 1075 2626 quidex
1091 2541 1223 2629 propriis
1236 2542 1433 2630 impendisse.

379 2641 419 2714 b.
443 2649 570 2716 Titulus
593 2648 780 2736 sepulcralis.
824 2648 903 2713 Erat
922 2651 942 2726 ἡ
961 2651 1060 2737 σορὸς
1078 2648 1217 2715 Aureliae
1237 2649 1365 2739 Tycha,
1380 2649 1453 2714 filiae
1472 2648 1676 2734 (Menecratis
1685 2658 1712 2733 ?)

326 2755 361 2820 in
369 2778 461 2821 suum
472 2755 594 2841 virique
599 2753 818 2838 Aureliifflufi
824 2759 852 2837 Ρ)
858 2778 949 2820 usum
960 2768 1119 2832 extructa3
1135 2779 1178 2822 ex
1188 2755 1249 2821 illis
1261 2779 1385 2843 quoque
1395 2747 1548 2835 slatorum,
1560 2781 1712 2823 nuruum-

325 2883 395 2946 que,
415 2871 473 2924 etc.
521 2857 659 2924 Olnetizi
673 2857 726 2923 hic
740 2871 959 2935 memorantur,
983 2859 1189 2946 proculdubio
1206 2860 1325 2929 familia
1343 2862 1556 2951 Thyatirena:
1584 2865 1712 2954 diesque

326 2961 484 3051 appositus
499 2960 658 3027 civitatem
674 2960 911 3027 Macedonicam
925 2960 1052 3028 indicat.

389 3069 410 3135 i.
436 3068 622 3157 Sepulcralis
636 3093 769 3156 quoque,
785 3082 903 3135 etcum
918 3070 1027 3136 ceteris
1042 3073 1252 3158 praeeuntibus
1271 3098 1315 3141 ex
1336 3076 1515 3144 coemeterio
1530 3078 1712 3170 descriptus.

326 3175 461 3242 Nomina
475 3176 550 3243 huic
565 3177 685 3254 absunt,
701 3177 818 3265 quippe
833 3176 1022 3266 fragmento:
1037 3179 1223 3246 crediderim
1238 3197 1428 3250 coaetaneum
1438 3184 1531 3252 fuisse
1546 3211 1619 3252 cum
1635 3189 1712 3254 Tra-

322 3280 407 3365 jano,
420 3293 452 3345 at
466 3280 558 3346 certis
572 3281 701 3349 minime
716 3283 887 3351 rationibus
902 3285 995 3364 nisus,
1006 3310 1078 3352 nam
1092 3287 1262 3355 maximam
1273 3290 1419 3378 injuriam
1434 3293 1605 3382 alapicidis
1619 3318 1714 3382 passae

325 3385 450 3453 fuerant
463 3387 569 3454 literae.
