3818 5094
349 435 385 498 16
761 419 1111 489 INSORIPTIONES
1133 420 1326 487 GRAECAE.

345 603 541 692 Ephesinum
556 609 650 664 restat
664 609 777 662 sanctae
791 594 952 682 religionis
966 594 1142 660 delubrum.
1188 592 1305 657 Diruta
1319 605 1432 659 cuncta
1447 605 1479 659 et
1495 593 1598 659 deleta

1035 756 1091 816 τοῦ
1106 747 1278 836 δικηφόρου

719 856 791 923 θεοῦ
805 856 957 944 μακέλλῃ,
971 861 1009 943 τῇ
1024 861 1242 943 κατείργασται
1258 852 1363 922 πέδου.

718 986 735 1020 fi
824 985 842 1018 1
931 986 949 1020 fl
1037 986 1055 1020 fl
1145 987 1162 1021 1
1252 987 1269 1021 ff
1358 987 1376 1020 Ι

415 1109 469 1173 Ex
483 1107 772 1196 Epigrammatibus
794 1107 980 1194 paucissima
1002 1107 1037 1171 in
1058 1107 1184 1195 Epheso
1209 1119 1382 1196 supersunt.
1427 1108 1572 1196 Vestigia
1591 1107 1745 1194 quaedam,

353 1215 407 1280 sed
423 1215 593 1280 admodum
608 1212 730 1290 detrita,
746 1213 780 1276 in
799 1214 990 1302 sarcophago
1013 1215 1164 1302 extabant
1179 1213 1233 1300 qui
1253 1214 1331 1278 atrio
1346 1213 1508 1278 diversorii
1523 1237 1585 1298 quo
1608 1237 1747 1278 commo-

351 1324 441 1387 rabar
450 1321 594 1407 jacebat:
617 1343 694 1408 opus
709 1342 783 1383 vero
799 1318 1024 1385 infructuosum
1037 1320 1233 1386 describendi
1245 1319 1356 1407 refugi.
1401 1319 1480 1400 Quae
1494 1320 1650 1408 reportavi
1666 1344 1747 1386 mar-

352 1427 446 1492 moris
461 1439 549 1493 erant
563 1426 648 1512 quod
658 1426 755 1510 juxta
769 1424 853 1490 viam
867 1426 1027 1511 publicam
1049 1426 1257 1492 sinistrorsum
1275 1425 1427 1513 conspexi
1441 1449 1514 1492 cum
1529 1426 1635 1491 vicum
1651 1426 1747 1492 intra·

355 1558 430 1598 rem.
456 1533 541 1599 Situs
556 1545 631 1620 erat,
643 1531 745 1606 credo,
761 1530 855 1595 curiae
867 1530 1052 1618 Ephesinae;
1067 1532 1146 1620 lapis
1160 1533 1246 1598 enim
1258 1532 1342 1597 inter
1355 1532 1475 1609 rudera,
1487 1532 1604 1599 indicia
1617 1532 1749 1598 minime

353 1643 491 1717 obscura,
507 1640 662 1716 inventus,
678 1663 736 1705 nec
748 1639 872 1726 longius
887 1665 906 1705 a
920 1640 999 1706 colle
1014 1638 1065 1705 cui
1080 1639 1247 1728 Acropolis
1262 1640 1337 1704 olim
1351 1640 1498 1727 imposita
1514 1639 1622 1705 fuerat.

417 1746 457 1810 In
471 1745 570 1810 tribus
585 1743 733 1810 lateribus
755 1742 839 1807 tituli
855 1744 1066 1830 apparebant:
1089 1742 1152 1807 duo
1170 1743 1210 1808 ad
1221 1767 1305 1809 sacra
1326 1743 1466 1809 solemria
1480 1743 1591 1810 Dianae
1606 1760 1748 1832 spectan-

353 1867 408 1930 tes,
425 1876 505 1916 unus
520 1851 719 1916 honorificus.

418 1983 443 2023 a.
468 1958 639 2024 Decretum
661 1955 770 2044 populi
787 1955 948 2044 Ephesini,
965 1956 1004 2021 de
1027 1956 1176 2022 sacrando
1200 1980 1305 2022 mense
1322 1957 1536 2022 Artemisione
1559 1957 1692 2046 integra
1717 1974 1749 2025 et

353 2065 545 2134 celebrandis
556 2064 640 2130 festis
655 2065 842 2142 solennibus,
858 2064 1012 2152 exemplis
1027 2066 1067 2130 ab
1081 2077 1261 2130 exterarum
1276 2064 1419 2152 gentium
1435 2064 1595 2152 religione,
1619 2089 1659 2130 sc.
1677 2065 1747 2131 Ma·

356 2175 519 2250 cadonum,
536 2173 772 2261 AEgyptiorum,
788 2172 1106 2248 Lacedaemoniorum,
1122 2172 1302 2259 desumptis.

418 2283 448 2346 b.
472 2281 642 2346 Decretum
665 2294 838 2346 conventus
853 2285 1089 2368 (πανηγύρεως)
1105 2281 1171 2347 dies
1187 2281 1337 2366 quosdam
1353 2281 1418 2345 dcrc
1435 2279 1574 2362 (Dianae)
1591 2279 1747 2358 addicens,

356 2388 472 2462 Prisco,
488 2386 692 2451 certaminum
709 2386 902 2452 moderatore
919 2387 1158 2474 (ἀγωνοθέτου),
1173 2387 1312 2475 praeside.

421 2518 447 2559 c.
471 2492 683 2580 Epigramma,
699 2494 764 2559 basi
779 2494 873 2559 credo
896 2508 1005 2560 stature
1028 2495 1229 2583 insculptum,
1252 2496 1286 2560 in
1309 2494 1457 2559 honorem
1482 2493 1560 2558 civis
1585 2495 1747 2580 cujusdam

356 2603 528 2688 εὐεργέτου,
544 2614 728 2688 procurante
744 2601 868 2680 Fausto,
885 2604 1070 2693 cognatione
1085 2605 1114 2670 ei
1130 2629 1184 2671 seu
1199 2604 1348 2670 affinitate
1359 2602 1479 2689 juncto.
