3750 5100
823 507 1070 578 COTYAION.
1586 523 1644 590 12⁷

315 677 408 745 Hanc
426 677 663 766 inscriptionem
688 677 840 746 claudunt
862 705 969 748 versus
988 682 1121 750 trimetri
1137 685 1192 771 qui
1206 685 1289 752 mala
1303 701 1470 774 precantur
1483 691 1518 756 in
1540 693 1642 782 τυμβ-

250 792 393 876 ωρΰχον,
404 811 469 852 non
484 809 567 864 vero,
579 786 660 852 utin
671 787 827 876 plerisque
842 789 911 856 aliis
922 791 1048 858 solenne
1064 806 1118 871 est,
1130 793 1315 860 devovendo
1330 807 1398 876 τοῖς
1412 799 1645 888 καταχθονίοις.

249 895 324 960 Vid.
340 919 423 984 supr.
440 916 536 960 xvm.
552 899 582 960 4.
598 909 631 962 et
642 895 777 984 plurima
792 897 1006 976 Fellowsiana,
1022 900 1133 966 vol.11.
1149 925 1202 990 pp.
1222 906 1291 967 145.
1307 903 1375 968 186.
1391 915 1450 969 etc.

311 1001 441 1090 Optime
456 1000 628 1067 illustratur
641 1015 782 1068 nostrum
797 1027 853 1092 per
867 1004 996 1071 titulum
1005 1005 1249 1074 Eumeniensem
1260 1006 1295 1073 in
1304 1008 1473 1076 Arundelli
1488 1012 1642 1076 Itinerar.

249 1130 277 1194 p.
293 1113 365 1177 373.
382 1132 476 1196 quem
491 1109 650 1199 integrum
665 1097 806 1199 appono:

524 1310 1217 1392 ΤΩΥΙΩΜΟΥΕΥΚΑΡΠΩΚΑΙΕΛ
1231 1373 1240 1392 .

525 1439 1300 1522 ΤΩΚΑΙΤΗΓΥΝΛΙΚΙΑΦΡΟΔΙΣΕΙΣ
1317 1505 1325 1522 .
1344 1505 1353 1521 .
1372 1505 1381 1524 .

527 1569 1233 1650 ΕΜΟΥΘΑΝΟΝΤΟΣΚΑΙΊῪΝΑΙ

528 1701 1201 1782 ΚΟΣΚΑΙΤΕΚΝΩΝΟΓΑΝΑΝΥ

525 1831 1263 1916 ΞΕΙΊῪΜΒΟΝΗΒΛΑΨΕΙΤΑΦΟΝ

527 1967 1196 2049 ΠΟΛΛΩΝΛΩΡΩΝΠΕΡΙΠΕΓΟ
1211 2031 1219 2048 .

524 2100 1224 2180 ΤΟΓΥΝΦΟΡΑΙΓΟΔΕΠΙΧΕΙΡΕ

524 2221 1169 2317 ΓΓΙΕΤΟΙΣΕΙἹῺΦΙΣΚΩΧΒΦ

636 2457 687 2562 τῷ
707 2458 771 2563 υἱῷ
791 2491 865 2556 μου
885 2453 1068 2564 εὐκάρπῳ,
1089 2459 1150 2536 καὶ
1170 2459 1255 2538 ἑαν-

636 2589 687 2696 τῲ
708 2591 768 2668 καὶ
787 2588 944 2691 γυναικί,
966 2589 1256 2694 ἀφροδισιεῦσι.

522 2721 611 2819 ἐμοῦ
632 2714 810 2803 θανόντος
830 2721 890 2798 καὶ
909 2714 1083 2822 γυναικὸς
1104 2720 1164 2798 καὶ
1184 2717 1333 2814 τέκνων,

522 2850 563 2937 ὃς
583 2844 628 2930 ἂν
648 2847 775 2956 ἀνάξει
795 2843 953 2949 τύμβον,
973 2844 996 2949 ἦ
1016 2843 1162 2955 βλάψει
1183 2847 1319 2956 τάφον,

521 2989 685 3069 πολλαῖς
700 2983 832 3087 ἀώροις
850 2981 1095 3087 περιπέσοιτο
1116 2987 1353 3089 συμφοραῖς.

745 3115 785 3202 ὃς
806 3115 839 3197 δ’
860 3114 1045 3221 ἐπιχειρή-

632 3285 692 3330 σει
711 3250 855 3330 ἐποίσει
876 3251 928 3355 τῷ
946 3239 1223 3354 φίσκωῆἒβφ’.

304 3479 450 3558 Patriam,
471 3503 583 3568 nempe
601 3479 850 3566 Aphrodisiade,
870 3476 1010 3564 Eucarpi
1029 3475 1244 3562 conjugisque,
1264 3470 1391 3537 fortasse
1411 3495 1535 3558 quoque
1550 3472 1635 3537 Con-

243 3583 349 3649 ditoris
372 3584 515 3673 sepulcri,
536 3597 738 3650 memoratam
763 3580 911 3648 existimo
925 3580 961 3644 in
983 3604 1013 3644 v.
1030 3583 1060 3644 2.
1104 3577 1160 3642 Nil
1178 3601 1253 3642 vero
1276 3575 1422 3664 prohibet
1445 3601 1507 3662 quo
1530 3576 1634 3642 minus

242 3713 418 3756 censeamus
440 3715 556 3756 nomen
570 3690 674 3777 ipsum
689 3688 812 3754 feminae
830 3688 865 3752 in
884 3710 962 3752 voce
982 3698 1124 3751 truncata
1138 3683 1325 3749 delitescere.
1372 3681 1436 3748 Sed
1459 3707 1500 3748 ex
1525 3683 1631 3748 arche·

241 3810 317 3884 typo
332 3819 426 3882 quam
441 3795 571 3862 minime
587 3793 811 3860 discedendum
825 3791 923 3858 rebar.

303 3897 437 3964 Incuriae
461 3896 590 3986 opificis,
615 3896 718 3974 eredo,
744 3893 911 3962 tribuenda
934 3905 1008 3958 sunt
1031 3891 1169 3962 πολλῶν
1193 3893 1306 3981 ἆώρων
1323 3891 1358 3956 in
1376 3916 1405 3955 v.
1423 3893 1451 3957 6.
1497 3891 1632 3961 Restitui

242 4003 412 4069 secundum
426 4019 531 4068 nostra
544 4003 578 4067 in
593 4001 676 4067 titul.
689 4022 740 4066 xc.

303 4107 364 4172 111.
388 4106 588 4195 Pergendum
602 4128 687 4170 nunc
702 4104 742 4169 ad
757 4123 822 4168 m.
837 4101 893 4168 ubi
908 4101 943 4167 in
957 4102 1059 4190 capite
1073 4114 1191 4190 prostat
1206 4111 1349 4171 ΖΗΛΑΣ
1371 4110 1587 4174 ΛΑΤΥΠΟΣ.

302 4209 375 4278 Ηοο
389 4210 430 4277 ad
440 4223 578 4278 mentem
592 4221 718 4276 revocat
730 4206 965 4296 inscriptionem
980 4206 1183 4295 sepulcralem
1197 4231 1291 4293 quam
1301 4207 1336 4272 in
1351 4209 1528 4275 coemeterio
1543 4225 1630 4278 aute-

241 4316 322 4384 dicto
337 4315 500 4405 descripsit
514 4316 587 4383 D¹¹¹¹⁸
602 4313 736 4382 Fellows
752 4315 917 4399 (Itinerar.
934 4333 955 4378 1.
972 4337 1002 4400 p.
1022 4315 1116 4395 121),
1131 4311 1253 4378 mendis
1276 4324 1309 4379 et
1330 4311 1429 4400 ipsam
1452 4328 1629 4383 scatentem.
