3788 5092
408 459 466 520 148
833 445 1112 516 AUCTARTUM
1134 445 1373 513 NOTARUM.

406 655 528 702 σαντες,
543 624 687 712 μεγάλην
706 627 918 706 lactucarum),
934 621 1087 687 illustrem
1107 642 1223 696 revera,
1240 633 1271 685 et
1287 617 1523 696 ornatissimam,
1543 630 1580 684 ut
1598 643 1726 686 cernere
1745 622 1801 687 ob-

405 733 494 796 vium
514 743 561 796 est
576 731 628 796 vel
642 754 684 796 ex
706 729 869 796 ruderibus
885 754 954 815 quae
978 729 1072 794 etiam
1092 751 1176 793 nunc
1194 738 1311 792 restant
1328 724 1518 812 templorum
1532 724 1801 812 theatrorumque,

405 837 520 903 terreni
534 851 644 913 motus,
660 848 692 903 et
705 837 843 902 hostium
865 836 1062 902 efferatorum
1076 833 1250 911 insolentia,
1261 833 1451 920 jamdudum
1466 832 1530 898 solo
1545 831 1801 918 adaquaverunt.

407 943 475 1008 Nec
497 956 590 1008 restat
605 940 754 1007 Ecclesia.
799 941 929 1006 Barbari
952 953 1074 1005 tantum
1096 940 1130 1004 in
1149 939 1283 1027 tuguriis
1306 939 1459 1014 habitant,
1479 940 1642 1026 solumque
1666 941 1801 1020 colunt;

404 1073 462 1115 nec
476 1049 509 1114 in
525 1049 603 1115 aulis
617 1071 805 1137 proavorum
825 1047 1019 1113 conveniunt
1033 1045 1214 1123 sacerdotes,
1230 1045 1338 1112 necin
1352 1045 1490 1112 delubris
1510 1047 1603 1112 sacris
1626 1047 1802 1114 ministeria

406 1169 562 1224 exercent.

473 1261 576 1327 siam
586 1259 783 1337 hodiernum,
793 1250 1035 1352 ray-rasae(
1037 1245 1274 1360 pumat)
1291 1259 1355 1326 aar
1370 1280 1429 1324 m
1445 1257 1801 1336 m1.0a0ar.,1anere

404 1392 460 1455 par
470 1365 736 1454 Aphrodisiadem
750 1379 782 1430 et
791 1365 1013 1431 Antiocheiam
1028 1365 1179 1434 confecto.
1212 1364 1322 1431 Solum
1336 1364 1456 1432 illustre
1470 1366 1643 1454 peragravi,
1654 1367 1803 1454 interque

403 1473 587 1539 solitudines
600 1471 739 1559 pristinae
758 1471 999 1559 magnificentiae
1013 1471 1132 1537 indicia
1145 1471 1281 1561 plurima
1299 1471 1426 1560 agnovi,
1448 1471 1503 1537 sed
1518 1471 1713 1560 epigraphes,
1730 1498 1802 1559 quae

403 1583 513 1648 saltem
525 1580 577 1646 vel
591 1578 726 1668 intelligi
741 1592 895 1668 poterent,
917 1579 968 1645 vel
983 1579 1126 1659 describi,
1142 1579 1256 1644 frustra
1269 1577 1410 1664 quaesivi.
1454 1577 1561 1644 Unam
1580 1577 1752 1643 alteramve
1767 1579 1802 1642 in

403 1687 525 1754 schedis
539 1710 688 1774 reponere
708 1687 851 1763 conabar,
867 1685 921 1750 sed
936 1685 1074 1752 laborem
1088 1685 1317 1751 infructuosum
1336 1683 1447 1772 refingi,
1464 1683 1541 1750 adeo
1556 1683 1660 1749 deleta
1674 1683 1803 1751 fuerant

405 1794 546 1882 vestigia,
566 1807 598 1859 et
611 1793 685 1881 igne
709 1793 797 1879 quasi
821 1794 994 1880 absumpta.
1038 1794 1111 1858 Non
1137 1792 1230 1858 retuli
1249 1792 1321 1857 ideo
1339 1790 1374 1856 in
1395 1815 1507 1880 corpus
1526 1790 1689 1857 titulorum
1704 1792 1803 1879 hujus

404 1900 542 1966 fasciculi
557 1924 657 1988 pauca
670 1899 725 1965 illa
745 1913 777 1965 et
790 1899 952 1966 incondita
967 1901 1080 1987 quibus
1099 1900 1183 1988 apud
1198 1899 1284 1965 hunc
1302 1898 1396 1964 situm
1411 1897 1518 1976 incidi,
1539 1910 1613 1964 noto
1629 1898 1715 1985 quod
1729 1899 1802 1965 seli-

404 2009 539 2075 oioribus
554 2007 700 2097 auspiciis
716 2005 851 2096 Sponius
870 2007 986 2094 aliique
1008 2032 1051 2074 ex
1071 2008 1314 2074 antecessoribus
1333 2007 1410 2073 meis
1428 2032 1494 2074 rem
1508 2007 1632 2075 fuerant
1651 2012 1801 2098 aggressi.

404 2115 517 2181 Dicam
531 2127 655 2179 tantum
678 2137 729 2178 me
752 2112 876 2191 vidisse,
897 2128 930 2180 et
944 2113 1141 2200 aliquatenus
1164 2138 1314 2191 exarasse,
1335 2113 1508 2192 titulorum,
1529 2139 1606 2200 quos
1620 2115 1802 2203 legentibus

404 2245 488 2288 nuno
503 2219 677 2286 offerendos
687 2220 840 2306 judicavi,
851 2220 997 2309 primum,
1011 2222 1066 2308 qui
1080 2222 1115 2287 in
1125 2221 1229 2310 lapide
1244 2220 1394 2307 quadrato
1409 2243 1590 2296 marmorea,
1602 2220 1801 2308 amphithea-

404 2347 488 2397 trum
498 2332 603 2417 juxm,
627 2330 730 2396 adhuc
753 2329 952 2417 conspicitur.
996 2329 1174 2395 Literarum
1193 2343 1286 2416 typos
1309 2327 1439 2392 memini
1454 2327 1554 2413 (quod
1572 2326 1697 2409 dicunt)
1717 2331 1800 2391 udu-

403 2440 629 2524 multiformes,
650 2437 777 2502 omnino
800 2451 836 2503 ut
854 2437 889 2502 in
904 2437 996 2503 titulo
1011 2444 1056 2521 (n.
1073 2459 1188 2503 xxxvl.
1204 2461 1234 2525 p.
1254 2441 1339 2519 122.)
1359 2460 1452 2522 quem
1471 2435 1506 2500 in
1526 2436 1597 2502 vico
1613 2437 1801 2522 Kirkapudj

405 2545 636 2632 descripseram.

469 2648 522 2713 Ex
540 2647 752 2737 Spanianis(b)
768 2648 929 2715 referenda
943 2649 1024 2714 duxi
1039 2673 1122 2736 seqq.

1080 2897 1116 2945 a.

598 3017 714 3076 Tl'l'ssl
729 3056 736 3072 ·
751 3016 929 3082 KA12AP1
943 3057 951 3072 ·
965 3017 1182 3079 ΣΕΒΑΣΤΟΙ
1198 3018 1552 3079 maxumam
1567 3063 1573 3074 .

527 3169 531 3174 ,.
596 3122 760 3182 ΥΠΑΤΩΙ
776 3165 782 3177 .
796 3123 870 3182 ΤΟ.
885 3123 915 3181 Ζ.
932 3123 1276 3185 ΑΥΤΟΚΡΛΤΟΡΟΣ
1289 3169 1296 3184 .
1309 3124 1424 3183 ΟΕΟΥ
1438 3167 1446 3183 .
1459 3123 1577 3183 ΟΥΕΣ

599 3229 826 3289 ΠΑΣΙΑΝΟΥ
839 3268 846 3284 .
859 3229 951 3288 ΥΙΟΙ
966 3269 974 3286 .
988 3230 1062 3290 ΚΑΙ
1076 3273 1084 3286 .
1097 3232 1169 3291 Tm
1183 3270 1191 3287 .
1205 3232 1350 3292 ΔΗΜΩΙ
1366 3231 1553 3292 .ΝΕΙΚΟΣ

598 3334 768 3394 Traron
781 3374 789 3389 .
801 3334 965 3394 ΛΥΚΙΟΥ
979 3379 985 3392 .
999 3336 1102 3395 ΤΟΥ.
1118 3337 1455 3397 ΝΕΙΚΟΣΤΡΑΤΟΥ
1469 3381 1475 3392 .
1489 3338 1572 3396 ΤΟΥ

600 3441 704 3499 ΤΟΝ.
720 3440 802 3499 ΤΟΝ
820 3441 973 3500 .ΛΙΘΟΝ
988 3485 994 3497 .
1009 3441 1085 3500 ΕΚ.
1100 3442 1188 3502 ΤΩΝ
1202 3443 1369 3503 .ΙΔΙΟΝ.
1385 3443 1534 3503 ΑΝΕΘΗ

599 3545 688 3603 KEN
703 3588 709 3600 .
722 3546 796 3605 ΤΑ.
812 3545 1154 3606 ΠΡΟΣΛΕΙΨΑΝΤΑ
1169 3590 1176 3602 .
1189 3547 1272 3606 ΤΟΥ
1287 3589 1293 3603 .
1308 3547 1447 3606 ΕΡΓΟΥ
1460 3589 1468 3606 .
1483 3548 1537 3606 ΤΕ

599 3651 882 3711 ΛΕΙΟΣΑΝΤΟΣ
895 3691 902 3706 .
916 3651 1251 3712 ΝΕΙΚΟΣΤΡΑΤΟΥ
1265 3695 1272 3710 .
1286 3653 1493 3712 ΚΛΗΡΟΝΟ

601 3757 711 3816 Mor.
725 3757 888 3817 ΑΥΤΟΥ.
902 3758 1273 3828 ΚΑΘΙΕΡΩΣΑΝΤΟΣ
1286 3803 1294 3820 .
1309 3763 1366 3821 ΔΕ
1379 3803 1386 3818 .
1400 3762 1484 3821 ΤΟΥ

599 3862 818 3924 ΤΡΑΙΑΝΟΥ
832 3906 838 3918 .
852 3863 954 3926 ΤΟΥ.
969 3865 1246 3926 ΑΝΟΥΠΑΤΟΥ.

447 4074 493 4152 (a)
502 4074 597 4133 Strab.
611 4075 664 4133 ubi
677 4095 721 4132 su.
735 4095 763 4152 p.
775 4076 821 4139 74.
834 4076 904 4134 Tau
1119 4077 1204 4146 helio,
1227 4077 1280 4134 ubi
1302 4095 1347 4133 sm
1363 4075 1419 4133 vol
1434 4092 1476 4132 vr.
1490 4095 1518 4152 p.
1530 4079 1596 4135 435.
1611 4077 1671 4152 qui,
1687 4077 1793 4154 Sponio

447 4173 489 4252 (h)
507 4172 621 4248 Voyaye,
644 4183 690 4231 etc.
716 4174 797 4234 Tom.
818 4191 838 4232 1.
861 4195 910 4252 pp.
929 4177 995 4239 329.
1018 4195 1076 4252 seq.
1120 4175 1232 4245 omisso,
1257 4183 1388 4233 auctores
1409 4182 1525 4232 tantum
1546 4173 1743 4234 Muratorium
1765 4187 1793 4233 et

409 4273 542 4331 Primum
552 4290 589 4328 ex
598 4269 676 4330 hisce
689 4272 849 4334 excitatum
859 4273 942 4332 video
955 4275 991 4332 ab
1002 4274 1077 4332 Eclr-
1121 4274 1316 4336 Chandlerurn
1335 4283 1483 4346 memorat,
1498 4293 1624 4352 quorum
1636 4274 1685 4336 hic
1703 4277 1792 4336 edidit
