3676 5100
628 513 898 588 PERGAMUM.

608 746 917 818 PERGAMUM.

541 889 619 956 Pto.
630 898 681 958 84.
697 893 771 958 Trr.
782 895 878 959 XIX.
895 915 925 958 v.
940 899 985 960 10.

134 1012 284 1098 Πρώτων.
330 1009 393 1076 Hic
417 1009 534 1076 nullam
558 1014 883 1080 commemorationem
901 1015 1013 1081 factam
1037 1017 1191 1084 cernimus
1210 1019 1370 1108 dignitatis
1385 1020 1455 1085 Me·

68 1116 271 1203 tropolitanae,
287 1115 431 1202 nisique
450 1116 484 1180 in
504 1110 596 1181 titulo
612 1121 718 1182 Primi
733 1116 895 1182 delitescit.
940 1119 1032 1185 Certe
1053 1122 1092 1186 ab
1111 1146 1148 1187 ea
1166 1122 1313 1188 videntur
1336 1149 1456 1189 summa

69 1247 141 1286 cura
156 1222 338 1288 abstinuisse
354 1221 548 1310 Pergameni,
565 1247 637 1288 nam
648 1223 682 1288 in
691 1247 755 1288 uno
771 1237 892 1288 tantum
907 1248 1044 1303 numm0,
1061 1251 1101 1292 sc.
1114 1227 1217 1294 Musei
1230 1231 1361 1296 Caesarei
1373 1230 1454 1296 Vin-

68 1329 261 1406 dobonensis,
278 1328 457 1419 designatur
480 1329 553 1393 urbs
574 1353 680 1394 eorum
697 1329 940 1416 Metropolis(a).
988 1332 1051 1396 Sed
1066 1333 1250 1422 dignitatem
1274 1336 1455 1425 ampliorem

68 1434 223 1500 Primatus
246 1435 306 1501 sibi
326 1435 536 1512 vindicabant,
560 1459 638 1521 quae,
663 1437 763 1522 qualis
782 1453 857 1512 erat,
882 1451 913 1502 et
936 1438 1081 1523 aquibus
1106 1441 1284 1509 civitatibus
1306 1443 1453 1532 expetita,

67 1542 173 1626 paucis
188 1566 272 1608 nunc
286 1543 475 1630 explicanda
489 1557 543 1608 est.

130 1649 245 1713 Fontes
255 1649 445 1734 jamdudum
461 1647 680 1735 disputationis
696 1649 802 1735 aperui
817 1648 851 1712 in
871 1663 945 1715 nota
959 1651 999 1714 ad
1014 1650 1097 1718 hune
1113 1652 1215 1717 locum
1231 1654 1264 1718 in
1277 1656 1453 1722 Fasciculo:

66 1756 154 1842 plura
169 1757 294 1822 vetabat
309 1757 429 1822 occasio
445 1780 513 1842 quae
529 1780 613 1822 nunc
628 1756 833 1843 explicatione
848 1757 991 1843 postulat.

129 1860 276 1950 Inprimis
288 1861 400 1927 ducem
419 1885 584 1947 sequamur
595 1860 809 1926 doctissimum
819 1861 1019 1939 Eckhelium,
1033 1864 1087 1949 qui
1099 1865 1132 1928 in
1144 1888 1236 1952 opere
1248 1868 1453 1952 praestanti(b)

66 1983 203 2032 recenset
218 1968 316 2033 varias
332 1967 525 2032 eruditorum
540 1968 707 2034 sententias
722 1969 762 2033 de
777 1968 862 2032 tituli
877 1968 970 2054 hujus
981 1970 1066 2054 justa
1081 1970 1316 2059 significatione,
1332 1997 1453 2061 nempe,

66 2071 257 2148 Prideauxii,
287 2072 466 2161 sperlingii,
494 2073 641 2150 Rubenii,
667 2072 842 2150 Vaillantii,
869 2075 1061 2160 Spanhemii,
1090 2075 1294 2154 Buonarottii,
1322 2102 1453 2163 quarum

64 2167 339 2244 Buonarottianam
354 2179 453 2268 magis
467 2181 663 2267 comprobat(
682 2185 704 2262 ).
752 2179 916 2258 Censebat,
932 2180 966 2244 in
981 2181 1097 2268 primis,
1117 2181 1324 2268 Spanhemius
1339 2183 1451 2270 prima-

64 2297 113 2348 tus
128 2285 330 2351 ambitionem
346 2309 404 2350 nec
419 2284 459 2349 ad
469 2285 721 2370 jurisdictionem
737 2301 896 2373 spectasse,
912 2310 971 2352 nec
991 2286 1031 2351 ad
1045 2287 1293 2374 magnitudinem
1317 2289 1451 2365 urbium,

65 2414 121 2455 nec
146 2390 186 2455 ad
204 2404 413 2466 neocoratum,
437 2391 491 2456 sed
515 2391 554 2455 ad
578 2389 783 2479 praerogativa
805 2391 993 2478 templorum
1017 2391 1051 2454 in
1074 2392 1213 2456 conciliis
1236 2395 1454 2459 communibus

66 2495 176 2582 gentis,
188 2496 226 2560 ad
235 2519 400 2572 sacrorum,
410 2496 555 2562 ludorum
567 2497 781 2563 communium
791 2522 847 2585 pro
858 2497 964 2576 salute,
971 2513 1007 2562 ut
1018 2498 1197 2585 plurimum,
1209 2513 1301 2584 atque
1311 2499 1344 2563 in
1356 2499 1453 2563 hono-

65 2627 131 2666 rem
146 2603 381 2689 Imperatorum,
398 2603 654 2682 eelebrationem;
677 2604 824 2684 (coucilia
838 2604 954 2670 etenim
974 2604 1151 2670 communia
1165 2609 1283 2686 (κοινὰ)
1299 2606 1453 2672 exstitisse

64 2733 133 2794 quae
158 2709 197 2772 ad
217 2708 334 2794 templa
356 2710 542 2786 communia,
571 2734 663 2786 sacra,
690 2711 790 2786 festos,
818 2710 916 2787 ludos,
943 2710 1164 2776 Asiarcharum
1191 2712 1452 2790 constitutionem,

64 2815 328 2900 sacerdotumque,
345 2816 399 2900 qui
415 2818 664 2903 procurationem
680 2841 788 2882 eorum
807 2817 1029 2904 susciperent);
1052 2816 1187 2902 denique
1203 2817 1241 2881 ad
1257 2817 1453 2882 concordiam

63 2923 188 2987 urbium
200 2922 285 2988 Asiae
300 2922 382 2987 inter
396 2947 427 2988 se
442 2924 659 2991 dissidentium
674 2927 940 3009 revocandam(d).

128 3029 215 3109 Quid
230 3053 304 3117 ergo
319 3029 378 3095 sibi
393 3031 518 3098 volebat
532 3033 706 3122 designatio
720 3033 775 3099 illa
789 3037 918 3120 πρώτηῖ
964 3031 1077 3096 Primae
1099 3030 1303 3118 metropoleos
1318 3029 1452 3116 dignita-

63 3148 126 3200 tem
141 3151 173 3200 et
187 3135 328 3222 gradum,
339 3135 448 3219 judice
465 3136 665 3224 Spanhemio,
678 3137 763 3223 quod
774 3137 937 3202 confirmat
951 3136 1000 3200 vir
1011 3135 1279 3222 prestantissimae
1294 3158 1336 3199 ex
1351 3134 1453 3198 verbis

64 3237 225 3325 Procopii,
249 3239 300 3325 ἀφ’
316 3241 353 3304 οὗ
369 3238 407 3318 δὴ
428 3247 476 3308 καὶ
497 3245 542 3317 εἰς
561 3242 787 3328 μητροπόλεως
808 3239 926 3324 ἀξίωμα
949 3239 1055 3317 ἦλθεν·
1073 3241 1154 3306 οὕτω
1174 3243 1239 3326 γὰρ
1254 3242 1311 3316 τὴν
1326 3242 1453 3326 πρώτην

62 3351 118 3410 τοῦ
134 3341 246 3419 ἔθνους
261 3341 392 3410 καλοῦσι
402 3341 606 3427 Ῥωμαῖοι(ε).
640 3342 733 3408 Tales
744 3343 862 3408 ratione
878 3341 1027 3431 singulari
1042 3355 1131 3407 erant
1142 3343 1294 3430 Ephesus,
1308 3343 1452 3431 Smyrna,

63 3445 261 3533 Pergamum,
288 3471 357 3532 quae
381 3447 511 3534 proinde
537 3447 755 3513 abstinentiam
782 3473 800 3512 a
823 3447 1036 3535 designatione
1063 3447 1280 3536 Metropoleon
1305 3450 1452 3516 videntur

62 3552 227 3630 affectasse,
248 3553 375 3618 titulum
389 3555 527 3642 plurium
551 3571 582 3622 et
597 3556 744 3621 viliorum
763 3556 889 3622 urbium
904 3555 1088 3644 dedignatae,
1105 3556 1222 3644 quippe
1241 3581 1310 3642 quae
1324 3556 1451 3636 fuerunt

60 3660 235 3726 clarissimae
259 3661 399 3727 omnium
414 3676 446 3728 et
460 3687 568 3730 revera
582 3665 765 3752 primnis).
810 3664 896 3729 Hinc
911 3687 1003 3751 porro
1018 3675 1135 3728 exortae
1150 3663 1353 3728 dissensiones
1368 3664 1449 3728 inter

61 3789 112 3830 eas
134 3766 344 3843 acerbissimae,
365 3767 595 3832 vindicantibus
619 3769 677 3835 sibi
698 3769 821 3857 ἐξόχως
836 3768 894 3833 hac
918 3783 950 3832 et
973 3767 1068 3832 altera
1090 3767 1217 3832 titulum
1233 3767 1448 3833 invidendum.

61 3868 133 3932 Hoc
151 3892 193 3932 ex
213 3869 349 3934 nummis
373 3869 496 3934 abunde
516 3870 588 3935 satis
611 3872 845 3958 comprobatur:
868 3870 1053 3958 Pergameni
1076 3884 1210 3948 exstant,
1235 3887 1266 3937 et
1283 3872 1444 3961 Smyrnaei,

99 4039 145 4117 (a)
159 4042 198 4100 D.
208 4040 249 4099 N.
264 4041 294 4100 V.
308 4043 363 4100 vol
374 4061 415 4100 ιν.
430 4063 458 4120 p.
469 4042 535 4106 472.
813 4043 858 4122 (d)
870 4044 1023 4122 Spanhem.
1039 4044 1087 4101 uhi
1098 4064 1194 4120 supra.

99 4139 141 4218 (h)
155 4140 229 4198 Ibid.
244 4141 352 4198 rol.1v.
367 4161 394 4218 p.
406 4144 472 4201 283.
484 4162 505 4199 s.
813 4143 853 4221 (e)
875 4146 918 4202 De
932 4143 1045 4202 AEdifie.
1060 4144 1092 4201 L.
1108 4162 1137 4202 v.
1152 4163 1175 4202 o.
1188 4148 1214 4201 4.

99 4239 140 4316 (c)
154 4240 221 4297 Vid
242 4239 394 4316 Spanhem.
408 4239 525 4298 Dissert.
541 4257 583 4296 rx.
602 4260 649 4316 pp.
664 4239 730 4300 632.
813 4242 867 4321 (s)
873 4243 1026 4321 Spanhem.
1040 4264 1069 4302 u
1081 4265 1102 4302 s.
1118 4263 1145 4320 p.
1156 4243 1223 4304 610.

58 4360 112 4408 ss.;
127 4338 244 4397 Eckhel
258 4339 291 4396 D
301 4338 341 4397 N.
359 4339 391 4398 V.
405 4341 461 4398 vol.
472 4356 514 4396 ιν.
529 4359 556 4415 p.
569 4342 635 4398 283.
647 4359 667 4396 s.
