3750 5100
901 677 1118 782 XXIV.
1147 691 1212 785 Π.
1239 681 1273 784 f.

529 855 1135 972 ΔΙΑἏΠΗΣΑιΛιι

529 1015 698 1121 Anu
705 987 1320 1121 uororoumormm

734 1144 1127 1279 storiarum

538 1297 1400 1431 rnrunrlemmmrrrrorun

392 1506 414 1570 5
537 1473 1373 1595 ETEIMHOHTHIAIKAIOXYNHI

731 1672 788 1754 δι’
802 1672 963 1778 ἀγάπης,
983 1675 1087 1780 αἰλίη
1109 1672 1211 1778 νῶμη

730 1811 808 1885 atu.
830 1809 1010 1902 ὶσίδοτος,
1032 1809 1052 1886 ὁ
1072 1813 1193 1909 πρᾶος
1214 1806 1289 1912 ἰδίᾳ

896 1938 1120 2043 γεωμέτρης,

732 2071 806 2177 ἰδίη
827 2070 868 2151 δὲ
887 2071 954 2178 ἴση
975 2075 1074 2178 καλῇ
1093 2068 1320 2175 μετριότητι,

393 2223 416 2287 5
729 2205 897 2307 ἐτιμήθη,
917 2210 963 2312 τῇ
984 2203 1217 2310 δικαιοσύνη.

660 2398 983 2459 ANNOTATIONES
1004 2399 1179 2458 CRITICAE
1200 2398 1253 2457 ΕΤ
1273 2398 1525 2457 EXEGETICAE.

440 2521 466 2579 l.
485 2515 580 2604 Αέλέη
597 2517 705 2602 Noun.
742 2513 880 2580 Nomina
894 2513 1075 2580 conditricis
1117 2511 1235 2579 laudes.

395 2629 482 2704 (nam
490 2619 661 2708 epigraphe
667 2618 769 2684 fuerat
777 2618 965 2706 sepulcralis,
971 2618 1074 2696 credo,
1162 2618 1258 2700 Quod
1280 2617 1320 2684 ad
1335 2617 1460 2683 ordines
1474 2617 1636 2682 literarum
1652 2617 1799 2684 dextror-

393 2724 550 2812 insculpta
584 2727 803 2805 monumento)
834 2737 922 2790 erant
957 2748 1073 2813 magna
1117 2748 1187 2790 sum
1202 2723 1319 2812 positos
1334 2723 1456 2799 attinet,
1472 2721 1677 2802 definiuntur,
1693 2723 1797 2802 oredo,

395 2851 466 2914 pars
485 2827 595 2893 deleta.
642 2825 815 2892 Scribenda
833 2825 936 2892 forsan
957 2831 1071 2907 Αἰλέης
1114 2843 1271 2918 tempora;
1286 2831 1321 2894 in
1339 2850 1437 2893 xxm.
1460 2828 1634 2894 secundum
1652 2853 1797 2896 normam

397 2937 525 3019 Νώμης,
550 2947 582 3000 at
604 2933 716 2999 eodem
738 2956 844 2998 sensus
867 2933 988 2999 recidit.
1035 2932 1070 3000 Si
1113 2935 1284 3021 antiquam,
1299 2957 1356 3022 per
1371 2933 1492 3000 Urbem
1506 2930 1684 3010 conditam3
1699 2933 1736 2996 in
1750 2957 1798 2999 se·

396 3039 531 3106 arrideat
544 3037 645 3127 magis
660 3038 745 3124 quod
760 3039 860 3126 posui,
881 3041 1071 3106 constructio
1114 3040 1256 3128 pulcrali,
1267 3063 1324 3127 per
1333 3037 1496 3104 Christum
1507 3051 1626 3102 natum.
1658 3037 1796 3125 Inscrip-

396 3160 443 3211 est
457 3169 531 3211 cum
544 3144 671 3231 ἐτιμήθη
686 3143 721 3208 in
735 3169 765 3208 v.
777 3149 808 3210 ⁵.
1115 3145 1234 3211 tionem
1254 3143 1422 3210 Nicodemi
1445 3143 1518 3208 ideo
1537 3143 1572 3206 in
1592 3142 1635 3206 A.
1652 3141 1694 3206 D.
1715 3147 1796 3208 1433

439 3257 469 3317 ⁵.
493 3250 643 3336 Ἐτιμήθη
663 3249 722 3316 δικ.
767 3248 856 3329 Quid
869 3249 910 3315 de
924 3248 1009 3316 hisce
1025 3249 1073 3315 di·
1116 3248 1250 3337 positam
1261 3246 1418 3322 existimo,
1428 3245 1490 3311 hoc
1499 3245 1800 3334 estduodetriginto

398 3356 557 3423 cendum?
601 3355 666 3431 An,
671 3357 750 3439 jure
765 3354 910 3416 honorem
930 3376 1075 3416 consecu-
1117 3378 1214 3421 annos
1237 3367 1309 3420 ante
1332 3365 1573 3418 monumentum
1588 3351 1701 3417 Isidori
1723 3377 1796 3419 con·

398 3472 449 3524 tus
473 3467 547 3524 est?
592 3457 666 3536 Vel,
689 3457 715 3522 si
739 3481 813 3522 cum
835 3458 1075 3525 mansuetudine
1117 3459 1244 3526 fectum.
1275 3457 1355 3522 Haec
1370 3470 1555 3543 computum
1569 3454 1695 3520 ineunti
1710 3469 1796 3543 pate·

398 3565 518 3642 Isidoti,
544 3577 577 3630 et
605 3561 778 3629 moderatio
804 3564 872 3650 ejus
897 3577 930 3628 et
948 3561 1073 3648 justitia
1115 3570 1205 3635 bunt.
1234 3566 1317 3633 Nam
1333 3566 1455 3634 BPsss'
1466 3591 1498 3630 :
1514 3567 1610 3642 2186,
1626 3571 1749 3636 ΑΥΞΑ
1765 3591 1794 3630 :

399 3670 618 3759 predicantur,
640 3668 860 3757 accipiendum
883 3668 1019 3756 ἐτιμήθη,
1038 3681 1075 3734 ut
1122 3675 1213 3738 1461.
1229 3685 1262 3738 et
1275 3671 1318 3735 A.
1328 3671 1369 3735 D.
1384 3677 1397 3734 l
1414 3697 1447 3736 :
1464 3672 1526 3737 753
1542 3669 1583 3735 U.
1597 3669 1634 3735 O.

400 3775 566 3862 ἐκοσμήθη,
581 3799 659 3840 reor.
1163 3777 1300 3844 Ordines
1311 3775 1473 3841 literarum
1487 3775 1709 3855 numeralium,
1726 3799 1798 3842 con-

445 3881 509 3947 Sed
530 3880 566 3945 in
584 3881 678 3968 nugis
701 3878 851 3946 sermonis
874 3879 1075 3946 semibarbari
1120 3883 1216 3950 simili
1245 3881 1340 3948 modo
1366 3881 1540 3968 dispositos,
1571 3883 1738 3948 observavi
1766 3884 1797 3947 in

399 4001 524 4074 tempus
538 4011 602 4052 non
612 3987 779 4053 terendum
793 3999 848 4053 est.
872 3985 997 4052 Mireris
1012 3986 1075 4052 ele·
1120 3988 1300 4058 coemeterio
1313 3988 1344 4054 S.
1351 3987 1512 4053 Theodori
1520 3986 1604 4052 saxis
1619 3986 1798 4074 sepulcrali·

401 4091 541 4181 gantiam
562 4093 804 4181 Byzantiacam!
848 4092 927 4158 Erat
942 4091 1078 4157 Isidotus
1119 4100 1179 4165 bus
1193 4095 1374 4182 insculptos,
1398 4092 1455 4158 uni
1478 4091 1653 4181 presertim
1678 4091 1798 4157 notabi-

401 4209 585 4287 geometra:
623 4221 739 4264 nomen
767 4199 888 4285 praebet
915 4199 1000 4279 ἴσην,
1030 4222 1078 4264 ars
1120 4201 1192 4268 liori
1208 4201 1294 4287 quod
1312 4199 1347 4264 in
1367 4199 1472 4265 lateris
1495 4222 1619 4266 recessu
1647 4199 1796 4266 orientem

398 4307 591 4391 perpetimur,
616 4303 655 4368 ad
678 4302 859 4370 conflandae
881 4304 943 4369 viri
966 4303 1078 4371 eximii
1122 4329 1229 4373 versus
1243 4303 1443 4393 conspicitur.
