3788 5092
429 443 488 504 132
836 436 1185 507 INSCRIPTIONES
1209 436 1399 504 GRAECAE.
1532 439 1654 520 [rusca.
1672 458 1735 515 xm,
1753 457 1823 502 xm.

931 621 1096 720 σωτῆρα,
1117 619 1177 696 καὶ
1196 616 1302 696 κτίσ-

928 784 997 849 την
1014 753 1080 848 τῆς
1099 743 1214 828 πόλε-

925 917 987 978 ως,
1007 893 1068 964 κλ.
1089 915 1247 985 στρατο-

931 1013 1033 1094 νίκον
1052 1015 1206 1111 ὕπατον,

929 1147 952 1246 ἡ
972 1146 1117 1250 πατρίς,
1137 1180 1255 1250 στρα-

928 1288 1131 1383 τηγοῦντοο

930 1409 973 1494 τὸ
992 1408 1030 1510 β’
1051 1424 1112 1494 κλ.
1134 1415 1253 1492 ἀπολ-

927 1543 1110 1648 λιναρίον,

930 1677 1118 1777 ἐτίμησεν.

690 1905 1010 1966 ANNOTATIONES
1031 1904 1203 1966 OBITICAE
1223 1904 1276 1964 ET
1295 1903 1546 1964 EXEGETICAE.

469 2021 499 2082 3.
517 2025 653 2096 Κτίστηο
662 2030 717 2097 τῆς
725 2020 860 2097 πόλεως,
870 2019 995 2107 proprio
1007 2043 1098 2086 sensu
1140 2039 1220 2082 rens.
1236 2041 1254 2082 a
1268 2016 1397 2086 Olarkio
1412 2017 1514 2096 allato,
1538 2019 1598 2083 viz.
1621 2022 1679 2089 τὸν
1694 2025 1814 2090 ἑαυτῶν

427 2127 613 2188 conditorem
640 2127 735 2200 urbis,
761 2122 814 2189 hic
843 2129 1096 2190 instauratorem.
1140 2122 1175 2206 (i.
1196 2147 1223 2189 e.
1249 2123 1405 2189 cultorum
1430 2124 1644 2212 Imperatoris)
1675 2135 1813 2206 κτίστην,

428 2227 551 2294 Civitas
574 2241 640 2294 erat
664 2227 886 2306 Azenensium,
913 2252 981 2314 quae
1007 2242 1097 2294 aetate
1140 2226 1225 2312 quod
1240 2226 1448 2292 abundantius
1469 2228 1645 2316 explicatur
1664 2254 1707 2296 ex
1727 2255 1813 2318 seqq.

429 2331 589 2399 Strabonis
603 2333 757 2412 floruerat,
778 2346 815 2398 ut
828 2349 914 2421 petet
932 2359 975 2402 ex
990 2356 1050 2400 111.
1065 2341 1094 2402 8.
1140 2332 1313 2416 νομοθέτην
1332 2341 1381 2401 καί
1401 2340 1527 2422 τροφέα.
1573 2334 1626 2400 Sic
1640 2335 1813 2422 probabili-

428 2462 459 2526 p.
476 2442 526 2508 il.
543 2439 582 2504 Τ.
630 2438 794 2504 Vestetem
825 2439 975 2520 (motibus
1003 2440 1095 2505 credo
1139 2453 1186 2506 ter
1200 2439 1372 2505 restituitur
1386 2443 1443 2508 τὸν
1458 2447 1584 2519 κτίστην
1594 2445 1744 2529 μέγιστον
1755 2449 1812 2508 τοῦ

427 2551 530 2629 terrae)
554 2545 752 2631 dirutamque
777 2545 885 2612 refecit
908 2546 1096 2625 Hadrianus,
1140 2543 1240 2628 δήμου
1258 2543 1293 2608 in
1313 2542 1452 2630 inscript.
1469 2541 1597 2608 Tloensi
1612 2567 1655 2608 ex
1674 2543 1811 2610 Fellow-

428 2651 472 2718 ite
483 2664 519 2717 ut
533 2677 589 2740 pro
599 2652 773 2718 Hadriania
783 2652 894 2718 merito
905 2652 1011 2718 haberi
1027 2677 1096 2741 pos·
1139 2650 1241 2728 sienis,
1262 2649 1323 2715 vol.
1339 2649 1372 2714 ii.
1387 2673 1418 2737 p.
1430 2651 1502 2717 387.
1546 2648 1633 2714 Inter
1646 2648 1813 2736 Aphrodi-

428 2757 476 2823 sit.
521 2758 614 2824 Certe
640 2758 827 2847 epigraphe,
851 2782 927 2845 quas
950 2758 1025 2835 vidi,
1048 2782 1096 2825 re-
1139 2756 1251 2821 siensia
1265 2754 1364 2838 (Ibidi
1377 2777 1407 2842 p.
1423 2757 1510 2836 344.)
1526 2753 1639 2820 diserte
1657 2777 1811 2820 memoro·

428 2862 573 2950 spiciunt,
592 2862 732 2928 maxima
754 2885 833 2950 pars,
858 2861 897 2926 ad
910 2861 1017 2951 magni
1032 2862 1097 2928 Im·
1139 2875 1191 2927 tur
1205 2868 1223 2930 ὁ
1239 2868 1364 2940 κτίστης
1385 2866 1450 2958 τῷν
1472 2867 1630 2949 μεγίστων
1650 2862 1756 2949 ’ἔργων
1777 2868 1811 2930 ἐν

427 2969 578 3057 peratoris
592 2992 640 3034 res
653 2983 763 3056 gestes.
1138 2975 1178 3058 τῇ
1191 2969 1291 3037 πόλει.
1314 2967 1390 3034 Vid.
1407 2967 1606 3032 Auctarium.

471 3073 558 3138 Duas
573 3085 673 3138 tresve
692 3071 826 3160 reperiet
843 3071 940 3139 lector
954 3071 988 3136 in
1003 3095 1095 3160 opere
1181 3074 1310 3139 Prorsus
1324 3097 1397 3140 cum
1407 3073 1493 3139 hisce
1507 3074 1652 3162 congruit
1665 3097 1739 3140 usus
1753 3099 1809 3140 vo-

428 3178 594 3256 Fcllowsii,
610 3199 632 3243 1.
653 3182 720 3243 142.
737 3202 774 3243 ss.
1138 3178 1182 3245 cis
1193 3183 1332 3245 conditor
1341 3179 1423 3244 inter
1431 3178 1569 3244 Latinos.
1594 3179 1647 3246 Sic
1658 3179 1810 3245 hebemus

471 3284 625 3361 Titulum,
648 3309 741 3370 quem
763 3284 871 3361 refero,
892 3285 994 3351 eidem
1016 3308 1094 3351 coae-
1139 3290 1232 3363 orcis,
1258 3287 1354 3363 urbis,
1381 3286 1515 3362 colonie,
1540 3296 1640 3362 secte,
1666 3289 1809 3362 nominis,

426 3390 654 3457 taneumfuisse
666 3391 811 3478 suspicor,
824 3389 1095 3476 Stratonicumque
1138 3391 1319 3475 discipline,
1336 3391 1476 3452 conditor
1490 3387 1524 3452 in
1539 3411 1622 3473 seqq.
1643 3387 1720 3452 AEn.
1736 3409 1808 3453 v111.

424 3497 518 3564 fuisse
527 3497 703 3562 ministrum
712 3497 819 3584 ejusin
827 3498 904 3562 urbe
913 3497 1094 3564 reficienda:
1140 3497 1186 3573 i.;
1211 3495 1338 3560 Sueton.
1354 3495 1491 3580 Astyrici.
1512 3513 1588 3570 v11.;
1611 3493 1736 3558 Gruter.
1754 3495 1808 3558 Ιο-

424 3603 507 3670 inter
520 3619 639 3680 caetere,
655 3602 689 3667 in
703 3601 821 3669 edibus
832 3603 854 3668 J
854 3602 921 3668 ovis
932 3603 1094 3682 struendis,
1139 3606 1261 3688 scripti.
1277 3626 1306 3689 p.
1320 3605 1391 3665 265.
1404 3624 1434 3664 n.
1446 3605 1477 3664 5.
1487 3624 1516 3662 v.
1524 3599 1598 3676 ult.;
1622 3598 1704 3664 Plin.
1715 3621 1806 3664 xxvr.

427 3733 557 3796 querum
569 3708 708 3796 reliquiae
717 3707 854 3797 insignes
869 3708 971 3775 adhuc
982 3709 1015 3773 in
1026 3733 1095 3775 arce
1140 3708 1169 3772 6.
1180 3712 1227 3786 23
1250 3705 1405 3773 Patercul.
1421 3727 1456 3770 11.
1469 3707 1538 3784 60.;
1562 3704 1644 3771 Plin.
1657 3705 1759 3794 Epist.
1775 3727 1807 3774 x.

425 3839 546 3880 summa
560 3813 802 3903 conspiciuntur.
1074 3897 1075 3904 ἵ
1138 3818 1189 3880 38.
1369 3831 1371 3834 “

490 3918 669 3984 Hadrianus
687 3917 754 4004 ipse
776 3916 950 4006 appelletur
971 3925 1095 3998 κτίστης
1181 3918 1326 3985 Graecum
1341 3925 1474 3998 κτίστης,
1489 3931 1526 3983 ut
1540 3918 1640 3984 obiter
1654 3941 1807 3995 moneam,

424 4027 459 4091 in
474 4024 556 4090 titul.
565 4022 731 4089 Arundell.
742 4025 894 4088 Itineror.
903 4048 964 4111 per
974 4027 1095 4090 Eccles.
1139 4025 1178 4091 ad
1201 4049 1293 4089 usum
1316 4047 1436 4090 socmm
1460 4023 1711 4090 accommodatur
1725 4025 1759 4090 in
1776 4025 1807 4091 S.

428 4132 564 4196 Asiatic.
588 4154 618 4216 p.
634 4134 707 4193 345.
732 4131 876 4217 ὀλυμπίῳ
906 4137 955 4198 καὶ
981 4135 1096 4218 κτίστῃ.
1138 4130 1207 4195 Pet.
1223 4149 1245 4193 1.
1266 4133 1295 4192 4.
1316 4133 1364 4196 19.
1385 4141 1417 4193 ct
1436 4152 1454 4193 a
1475 4128 1664 4216 Symmacho
1684 4129 1719 4194 in
1741 4153 1808 4195 ver·

426 4240 533 4315 Porro,
546 4258 636 4301 sensu
647 4235 832 4301 translatitio
847 4239 882 4300 in
894 4235 975 4301 titul.
987 4235 1097 4324 Mege-
1138 4236 1224 4302 sione
1239 4233 1336 4300 Isaiae.
1352 4253 1444 4298 xum.
1460 4238 1507 4299 15.
1523 4255 1635 4320 nempe
1652 4233 1809 4299 Hebraico
