3818 5094
425 1379 911 1473 INSORIPTIONES
955 1382 1210 1478 GRAECAE.

723 1665 913 1702 -4-

693 1891 942 1960 EPHESUS.
1052 1839 1054 1844 Δ

126 2054 275 2121 Ernnsus
295 2055 379 2120 unde
399 2055 552 2144 originem
567 2057 687 2122 traxit?
730 2060 826 2125 Anne
840 2060 1039 2125 Amazonum
1054 2081 1140 2146 opus,
1157 2058 1320 2146 Marpesiae
1335 2071 1368 2124 et
1382 2059 1515 2147 Lampe·

128 2162 222 2240 donis,
244 2185 379 2248 quorum
402 2161 530 2226 nomina
543 2161 678 2227 fideliter
697 2162 769 2227 satis
789 2176 929 2229 recenset
947 2161 1091 2228 Justinus
1111 2168 1161 2245 (11.
1178 2165 1207 2224 4.
1228 2167 1299 2244 15),
1323 2175 1415 2248 atque
1435 2163 1517 2228 itaa

127 2269 216 2334 venia
227 2271 387 2356 (ἐφέσεως)
402 2281 582 2355 nuncupata
596 2292 690 2354 quam
702 2270 741 2335 ab
750 2269 889 2337 Hercule
903 2269 1112 2358 impetrabant
1125 2268 1191 2334 illio
1206 2267 1411 2333 considendi?
1455 2269 1515 2334 Fa-

128 2373 229 2438 bulam
244 2387 328 2440 certe
343 2374 482 2462 amplexi
497 2374 590 2452 cives,
606 2400 739 2461 quorum
753 2377 875 2442 nummi
890 2390 1001 2443 extant
1022 2376 1055 2441 in
1071 2375 1184 2462 quibus
1205 2387 1317 2461 praeter
1330 2375 1515 2462 Apollinem

128 2491 158 2543 et
176 2478 322 2556 Dianam,
346 2503 532 2565 amnemque
553 2480 753 2560 Cenchrium,
770 2485 947 2550 Amazones
969 2506 1094 2570 quoque
1112 2480 1355 2568 conspiciuntur,
1378 2479 1516 2567 Ephesia

127 2601 158 2650 et
167 2585 336 2674 Smyrnaea,
342 2586 512 2674 jungentes
523 2586 676 2664 dexteras,
688 2601 721 2652 et
731 2587 897 2653 delubrum
907 2587 1053 2654 Herculis
1063 2611 1127 2652 una
1137 2610 1210 2652 cum
1219 2585 1513 2673 Dianae,Apollinis,
1571 2591 1576 2598 '

127 2687 239 2756 Liberi.
274 2690 346 2755 Hoc
360 2713 403 2754 ex
419 2688 551 2755 Eckhel.
568 2690 607 2754 T.
623 2712 659 2755 11.
675 2715 727 2779 pp.
739 2697 812 2757 512.
828 2718 851 2758 s.

187 2796 326 2861 Nomina
351 2820 369 2860 a
392 2795 498 2860 Plinio
518 2801 562 2879 (V.
579 2801 630 2861 31.
646 2802 690 2878 4.)
714 2812 926 2866 memorantur
948 2798 1062 2886 quibus
1085 2799 1172 2865 sedes
1198 2799 1326 2886 antiqua
1353 2801 1514 2888 expetita;

126 2903 250 2990 Alopes,
261 2901 404 2989 Ortygia,
417 2900 553 2990 Morges,
565 2901 699 2990 Smyrna
711 2904 860 2984 Trachea,
875 2905 1069 2984 Samornion,
1081 2905 1198 2972 Ptelea.
1236 2905 1387 2971 Perhibet
1403 2905 1515 2973 Strabo

128 3013 206 3090 (xrv.
227 3014 254 3072 l.
269 3031 300 3094 p.
321 3009 394 3091 174)
412 3006 506 3072 Caras
526 3007 663 3095 primum
682 3009 848 3077 incoluisse
867 3025 900 3076 et
914 3011 1054 3100 Lelegas,
1075 3011 1130 3096 qui
1149 3013 1189 3076 ab
1204 3010 1366 3076 Androclo
1389 3013 1514 3077 exacti:

125 3116 206 3183 hunc
221 3116 309 3183 sedes
323 3113 518 3181 constituisse
532 3115 614 3181 circa
623 3114 796 3193 Coressum,
812 3133 919 3204 postea
933 3140 1007 3182 vero
1016 3115 1210 3180 descendisse
1221 3115 1384 3203 planitiem
1398 3140 1513 3181 versus.

126 3223 234 3291 Relata
246 3223 320 3288 ideo
334 3221 478 3309 Ephesus
492 3220 574 3286 inter
587 3221 679 3286 urbes
694 3219 816 3285 Ionicae
830 3220 951 3298 liberae,
966 3243 1009 3285 ex
1023 3218 1275 3306 immigrantibus
1287 3218 1384 3284 Codri
1398 3220 1480 3298 filiis,
1496 3245 1515 3285 a
1651 3263 1652 3268 κ

126 3328 277 3396 Pausania
292 3331 364 3412 (vn.
382 3331 410 3390 2.
426 3331 486 3410 sq.)

183 3437 327 3504 Adortus
342 3434 466 3500 Croesus
479 3431 679 3522 tyrannidem
698 3431 819 3498 exemit
833 3431 967 3516 (Herod.
982 3451 1005 3496 1.
1021 3432 1087 3513 26.)
1104 3430 1189 3515 quod
1204 3443 1236 3495 et
1249 3443 1357 3516 postea
1369 3429 1512 3495 Alexan-

126 3545 185 3624 der,
206 3541 361 3631 Ephesios
386 3542 583 3624 αὐτονόμους
605 3536 805 3615 constituens,
831 3551 1009 3621 ceteraeque
1033 3533 1120 3598 Asiae
1146 3533 1310 3600 civitates:
1333 3533 1473 3617 (Arrian.
1489 3556 1511 3599 1.

129 3656 187 3734 18.)
232 3648 358 3714 Dehinc
376 3647 486 3712 urbem
500 3643 686 3710 instauravit
700 3642 884 3728 ornavitque
900 3639 1115 3729 Lysimachus,
1131 3663 1307 3724 nomenque
1326 3639 1434 3704 uxoris
1448 3638 1512 3704 Ar·

124 3754 221 3822 tinoes
235 3753 372 3819 indidit:
394 3753 528 3818 restabat
542 3775 616 3817 vero
631 3750 805 3836 antiquum.
849 3749 1044 3814 Memoratur
1058 3761 1206 3836 praeterea
1221 3759 1328 3833 portus
1347 3747 1386 3813 ab
1401 3745 1512 3812 Attalo

125 3861 288 3938 confectus,
299 3859 515 3947 templumque
526 3859 763 3926 celeberrimum
774 3882 793 3924 a
803 3871 868 3923 tota
876 3856 955 3922 Asia
969 3867 1173 3922 exstructum.
1196 3852 1278 3917 Plin.
1292 3873 1407 3918 xxxvr.
1419 3859 1469 3918 21.
1484 3859 1509 3917 1.

128 3987 162 4030 ⁸⁵·
184 3966 417 4160 Ildggaedbshnt
436 4069 571 4136 Romani
585 4082 655 4158 P⁰st
676 4067 839 4134 victoriam
862 4090 905 4132 ex
919 4064 1080 4131 Antiocho
1094 4063 1232 4141 relatam,
1248 4062 1434 4131 dedentibus
1448 4091 1513 4134 ³0³⁶

129 4174 270 4264 Ephesiis
288 4200 362 4243 cum
376 4176 580 4265 Magnetibus
599 4176 653 4260 (ad
668 4174 879 4256 Maeandrum)
896 4171 1135 4260 Trallianisque.
1180 4170 1317 4238 Eumeni
1333 4171 1446 4239 dehinc
1466 4189 1511 4239 at·

128 4287 272 4356 tributam
286 4286 461 4377 perhibent,
477 4300 510 4353 et
522 4284 654 4373 proinde
669 4282 782 4349 ditioni
797 4283 1007 4371 Pergamenae,
1031 4304 1125 4368 quam
1135 4279 1208 4366 jure
1222 4279 1409 4347 hereditario
1423 4305 1511 4370 repe·
