3750 5100
203 495 326 544 nescu.
344 485 481 566 xxx111.]
821 483 1017 548 SMYRNA.

669 658 911 768 ζωγράφησις
932 659 1003 765 ἕγὼ
1023 695 1134 764 γανυ-

717 919 859 976 VARIAE
880 919 1112 978 LECTIONES.

201 1050 273 1114 pro
290 1037 351 1107 καὶ,
368 1055 409 1095 ex
425 1030 486 1096 fide
502 1029 615 1096 tabulae
632 1031 873 1120 Sciozoppianae‚
889 1057 1009 1118 usuque
1025 1033 1166 1098 Romulei
1182 1037 1289 1119 (quem
1305 1033 1428 1115 dicunt)
1444 1035 1608 1099 sermonis:

199 1140 265 1204 cp.
283 1137 362 1180 xxv.
379 1123 408 1181 3.
454 1118 491 1181 ln
515 1118 577 1182 fine
600 1133 791 1183 tentaveram
816 1127 940 1197 νικῶσα,
961 1120 1015 1184 sed
1030 1120 1162 1184 fidenter
1185 1120 1297 1184 minue.
1341 1120 1426 1185 Dein
1448 1121 1606 1198 υικώθεος.

200 1202 303 1287 quod
319 1203 419 1290 magis
430 1203 468 1267 ad
484 1204 619 1290 speciem
634 1205 856 1270 elementorum
874 1205 905 1269 in
918 1206 1024 1271 tabula
1060 1205 1186 1271 redicre
1201 1206 1329 1271 accedit.

282 1288 381 1355 Hunc
396 1289 522 1372 titulum
548 1290 726 1356 recentioris
751 1290 849 1356 atatis
863 1291 957 1358 fuisse
982 1229 1075 1358 ereio
1099 1316 1141 1358 ex
1166 1293 1338 1358 rationibus
1361 1305 1425 1358 tam
1448 1291 1605 1380 scripturae

483 1523 802 1584 ANNOTATIONES
824 1523 997 1582 CRITICAE
1018 1522 1070 1579 ET
1090 1522 1340 1580 EXEGETICAE.

197 1636 346 1714 ἁπάσας
376 1665 405 1706 τε
435 1644 564 1715 νικῶσα,
594 1639 800 1727 Ζωγρᾶφησις
828 1643 891 1728 ἐγὼ
935 1635 1097 1700 Musarum
1110 1636 1292 1723 profectum,
1303 1640 1353 1705 vel
1366 1639 1484 1707 Museis
1496 1667 1606 1708 ornan-

196 1747 307 1828 (εἰμὶ)
319 1743 536 1831 persuptilem.
581 1744 629 1808 At
643 1744 777 1809 nimium
792 1745 858 1810 haec
874 1769 892 1809 a
934 1743 982 1807 dis
998 1741 1156 1810 idoneum.

196 1849 315 1916 ductu
331 1850 490 1916 literarum
502 1851 667 1917 discedunt
682 1875 757 1936 quas
772 1875 813 1916 ex
829 1845 890 1917 fide
977 1849 1054 1916 Vox
1064 1853 1426 1938 nostra‚Moauic‚etyme
1436 1853 1606 1920 certissimo

195 1955 333 2024 tabula
350 1957 582 2046 Sciozoppianae
597 1958 828 2046 descripseram.
936 1956 993 2022 vix
1008 1957 1162 2044 congruit,
1173 1959 1256 2023 unde
1268 1958 1330 2024 levi
1346 1960 1517 2025 mutatione
1532 1961 1607 2026 effe·

259 2064 402 2128 Exaravi
423 2064 559 2151 denique
580 2063 613 2130 in
633 2091 663 2128 v.
680 2069 709 2128 2.
733 2065 890 2142 νικώθεος,
934 2075 1009 2128 runt
1038 2062 1166 2148 quidam
1197 2065 1337 2138 Mesate,
1375 2087 1404 2148 q.
1430 2069 1603 2147 μουσαϊκόν

198 2170 304 2258 qued
329 2195 402 2236 cum
431 2171 533 2258 priore
563 2185 650 2258 parte
676 2170 832 2244 convenit,
860 2185 892 2234 et
935 2169 1074 2256 ἄγαλμα.
1111 2167 1184 2234 Non
1199 2168 1290 2233 valde
1302 2169 1478 2256 discrepant
1490 2168 1606 2235 codini

193 2289 344 2363 gustum
359 2279 410 2357 (ut
424 2274 608 2360 loquuntur)
621 2273 889 2362 reveraByzanti-
934 2274 1118 2361 ὑποδήματα
1150 2278 1313 2359 procedure,
1342 2273 1434 2339 sicuti
1470 2274 1606 2362 appellat

197 2400 295 2444 lium
314 2379 415 2444 refert.
462 2378 515 2446 Sic
529 2379 563 2444 in
578 2379 626 2444 tit.
643 2379 775 2467 Byzant.
792 2401 888 2444 xxm.
935 2377 1053 2443 calceos
1067 2376 1281 2464 imperatorios
1296 2378 1476 2444 admodum
1491 2380 1605 2444 musivi

201 2489 247 2550 2.
264 2484 444 2568 νικόδημος,
461 2486 523 2570 ἅμα
534 2485 572 2563 δὴ
588 2491 605 2552 ὁ
622 2492 668 2554 καὶ
686 2511 716 2550 ·:
731 2490 889 2562 νικώνεος.
934 2484 1043 2572 Ρὶοῐοε.

203 2589 347 2656 Talium
358 2591 551 2677 Scriptorum
567 2605 633 2656 erat
647 2590 680 2654 in
696 2590 766 2655 lusu
780 2593 890 2657 verbo·
978 2590 1027 2656 De
1042 2589 1128 2654 hisce
1144 2589 1197 2675 qui
1213 2589 1291 2654 velit
1305 2589 1395 2677 plura
1408 2590 1499 2656 adeat
1512 2590 1604 2678 Spar·

201 2715 288 2760 lum
302 2694 490 2784 elegantiam
505 2721 592 2762 suam
608 2711 771 2762 ostentare.
933 2696 999 2762 tien
1018 2696 1051 2760 in
1067 2699 1162 2782 Nipr.
1179 2717 1223 2762 vl.
1240 2696 1472 2763 T1·cbell.Poll.
1491 2695 1526 2763 in
1546 2703 1604 2761 tri.

224 2865 225 2868 ,
261 2799 341 2879 Quae
370 2804 501 2888 apposui
526 2798 598 2865 idco
621 2799 655 2866 in
679 2801 889 2888 explicatione
928 2809 1020 2890 pinta
1053 2805 1194 2889 Tyrean.
1225 2823 1317 2866 xx1v.
1348 2800 1518 2889 Augustin.
1549 2804 1604 2866 De

208 2905 329 2971 Graeca
352 2931 416 2970 non
442 2907 578 2971 multum
608 2931 626 2972 a
651 2931 724 2972 vcra
752 2907 889 2995 imagine
938 2913 1076 2976 Ciuitate
1093 2912 1170 2986 Dei,
1193 2930 1260 2974 xva
1286 2914 1315 2974 8.
1345 2909 1441 2996 Spon,
1467 2912 1602 2975 Miscell.

207 3011 365 3078 abludere
376 3014 530 3079 censenda
541 3029 628 3078 eunt:
648 3015 724 3079 Sum
739 3018 807 3079 diei
822 3017 890 3080 Ro·
934 3021 1038 3082 Erud.
1050 3017 1159 3103 Antiq.
1176 3037 1212 3079 11.
1225 3021 1254 3080 8.
1266 3039 1296 3101 p.
1310 3019 1361 3083 39.
1372 3015 1510 3080 Gronov.
1521 3017 1604 3079 Tlre-

206 3123 303 3182 mani
323 3129 390 3183 tota
408 3119 452 3201 (h.
468 3143 494 3184 e.
511 3118 750 3184 similitudinem
766 3119 891 3208 penitus
932 3147 1019 3188 sear.
1036 3122 1145 3209 Antiq.
1169 3125 1271 3188 Graec.
1285 3142 1356 3186 vm.
1372 3146 1402 3209 p.
1416 3123 1508 3188 2756.

206 3223 338 3306 refero),
355 3230 444 3289 immo
460 3229 531 3290 divo
548 3224 671 3309 (divina
696 3233 775 3312 arte)
789 3251 889 3313 proea·
978 3229 1157 3316 Specimina
1182 3228 1317 3313 antiqua
1341 3226 1414 3291 artis
1435 3226 1534 3290 visere
1557 3239 1604 3291 est

215 3336 336 3396 tantior
346 3336 478 3416 pictura
495 3343 552 3396 etc.
934 3335 1018 3422 apud
1033 3334 1199 3410 Romanos,
1223 3334 1256 3398 in
1277 3335 1364 3398 Fano
1380 3333 1505 3410 Bacchi,
1529 3333 1602 3398 hod.

260 3441 289 3499 3.
325 3437 543 3523 Ζωγρᾶφησις.
595 3434 699 3522 Magis
728 3435 890 3501 classicum
933 3441 988 3502 La
1006 3441 1218 3504 Ctiesadella
1240 3442 1342 3504 Senta
1360 3441 1502 3525 Ayaeee:
1527 3438 1604 3502 Flu·

219 3542 423 3628 Ζωγράφημα.
471 3540 623 3628 Supplevi
638 3541 672 3606 in
688 3567 750 3628 aeq.
767 3546 838 3632 ἐγώ,
855 3557 890 3607 ut
914 3544 1025 3609 ¹entiae
1049 3569 1182 3632 quoque,
1207 3545 1296 3622 Pisae,
1319 3559 1377 3610 etc.
1402 3569 1457 3632 per
1480 3545 1604 3610 Italiam

218 3643 349 3709 formula
363 3645 403 3709 eit
418 3645 527 3709 eadem
543 3646 642 3730 qualis
657 3647 690 3709 in
703 3645 795 3710 titulo
810 3647 889 3711 cele·
933 3675 1044 3739 sparsa.
1090 3653 1143 3716 Ex
1164 3652 1249 3716 hisce
1271 3665 1368 3716 artem
1395 3664 1516 3714 tantum
1538 3675 1603 3716 non

218 3750 352 3816 benimo
369 3751 472 3839 Sigeo,
488 3750 522 3814 in
537 3775 600 3837 quo
616 3765 716 3816 statua
730 3752 890 3817 inducitur
933 3757 1127 3845 deperditam
1145 3757 1315 3823 instaurare
1338 3757 1441 3822 conati
1461 3771 1533 3822 sunt
1555 3782 1603 3823 re-

218 3869 402 3941 spectateres
422 3856 590 3942 alloquena
635 3857 888 3924 Vid.Rosii1n-
932 3864 1095 3930 centiorea

218 3967 338 4048 reriptt.
355 3966 458 4029 Groec.
474 3987 504 4050 p.
519 3969 544 4027 l.
996 3970 1089 4050 Quod
1105 3969 1139 4035 in
1158 3969 1235 4035 meis
1254 3969 1352 4034 refero
1375 3993 1417 4034 ex
1439 3969 1603 4035 ruderibus

259 4065 349 4158 Opus
367 4069 399 4134 h.
419 4070 440 4135 l.
462 4070 620 4136 indicatur
642 4071 727 4137 varie
751 4070 887 4158 pictura·
930 4075 1103 4162 pavimenti
1120 4075 1205 4163 apud
1221 4075 1339 4140 Balnea
1357 4075 1468 4139 Dianae
1485 4078 1605 4157 (Krial-

219 4186 293 4252 tum,
320 4175 410 4261 quale
434 4176 634 4264 appellabant
648 4179 797 4242 Muscam
822 4176 887 4242 sive
930 4181 1602 4269 tat-bener)inagrosuburbanosmymae-

220 4283 378 4348 Merinum
395 4289 570 4368 (μουσεῖον)
593 4283 680 4369 quasi
703 4308 721 4349 e
745 4284 888 4350 manibus
930 4311 1020 4352 orum
1034 4287 1179 4374 patefacti
1193 4286 1296 4352 fuerat
1309 4287 1464 4353 effossum.
1485 4287 1603 4353 Exem-

882 4395 936 4455 1³2
