3818 5094
156 477 258 521 nisos.
275 461 363 543 xvc]
726 455 980 521 THYATIRA.
1517 455 1558 522 75

157 661 190 712 a.
210 631 323 714 πόλει
343 635 524 738 ἀργυρίου
609 633 649 712 b.
671 667 741 733 την
760 628 829 733 τὴν
848 628 969 736 σορὸν
989 631 1077 711 ἔδω·
1165 659 1186 709 c
1192 692 1446 710 ........

658 865 800 923 VARIAE
821 865 1056 924 LECTIONES.

158 985 453 1059 ὀκατοσκευαστής,
478 982 521 1045 Ut
537 981 590 1044 ille
610 983 670 1056 cui,
686 990 879 1043 monumento
901 991 1053 1057 extructo,
1069 991 1259 1066 potestatem
1272 983 1345 1064 feei
1364 985 1396 1045 in
1416 1006 1450 1045 eo
1470 1007 1559 1070 sepe-

157 1068 328 1153 limdi,jas
344 1090 433 1130 suum
449 1068 597 1129 obtineat.
642 1065 682 1130 In
695 1064 755 1130 hac
770 1064 916 1142 clausula„
932 1066 998 1131 sive
1014 1067 1120 1132 tabula
1133 1066 1234 1142 tertia,
1251 1081 1372 1142 cuncta,
1388 1070 1559 1154 praesertim

158 1151 196 1218 ad
209 1152 318 1228 finem,
342 1164 431 1216 erant
451 1174 575 1239 prorsus
595 1151 727 1215 turbata.
774 1149 928 1248 Supplevi
942 1175 1080 1238 promea
1095 1152 1215 1238 peritia,
1237 1151 1338 1240 posito
1353 1152 1477 1217 Annios
1493 1155 1559 1237 (vel

158 1237 305 1320 Armeos)
319 1236 373 1302 hic
396 1249 660 1312 commemoratos,
685 1235 844 1301 affinitatis
855 1236 928 1320 jure
951 1251 1006 1302 aut
1029 1237 1184 1315 amicitia,
1209 1236 1287 1323 quid
1302 1261 1345 1302 ex
1359 1239 1494 1326 propriis
1518 1241 1559 1305 ad

158 1323 353 1388 ornationem
368 1322 525 1410 sepulchri
540 1320 725 1398 contulisse3
747 1345 799 1386 ex.
815 1344 842 1385 c.
858 1325 1018 1400 εἶσώστσς,
1034 1347 1090 1387 seu
1104 1327 1269 1399 ἐπιώστσς.

220 1408 275 1472 En
289 1407 429 1484 titulum,
449 1431 491 1473 ex
513 1407 690 1484 rarioribus,
706 1408 914 1471 columnarem
931 1407 1078 1484 dixerim,
1097 1407 1207 1473 ordine
1229 1406 1346 1494 triplici
1362 1407 1557 1495 dispositum.

157 1493 269 1559 Tolem
293 1494 401 1558 retulit
423 1517 466 1558 ex
487 1492 610 1558 schedis
630 1491 693 1556 suis
711 1491 904 1569 Fellowsius,
928 1493 1011 1558 inter
1034 1493 1268 1580 Masycitianos‚
1293 1493 1328 1556 in
1346 1496 1499 1558 Itinerar.
1520 1516 1556 1560 11.

179 1584 265 1643 .l26.
291 1578 464 1644 Boeckhius
475 1602 609 1664 quoque,
621 1578 704 1642 inter
718 1577 992 1666 Aphrodisienses,
1002 1603 1043 1644 so.
1057 1583 1161 1656 2838„
1170 1592 1340 1662 utrumque
1355 1602 1430 1644 vero
1442 1580 1557 1644 horum

156 1603 317 1752 duplicem
334 1679 454 1730 tantum
469 1664 581 1729 seriem
595 1662 748 1727 sortitum.
794 1663 834 1728 In
848 1663 935 1740 meis,
951 1688 1021 1751 quae
1032 1664 1182 1751 sequitur,
1197 1663 1442 1750 explicationem
1453 1665 1558 1753 plures

158 1763 284 1816 coaetus
302 1749 349 1813 fui
373 1773 429 1836 per
447 1749 577 1836 paginas
600 1748 774 1834 disponere,
797 1748 895 1834 idque
919 1763 984 1814 tam
1005 1751 1047 1815 ob
1061 1750 1155 1837 spatii
1170 1751 1224 1815 exi
1270 1749 1378 1814 itatem
1402 1775 1496 1836 quam
1516 1753 1557 1816 ob

156 1835 291 1900 rationes
311 1858 329 1899 o
371 1835 421 1912 ris,
437 1834 691 1900 annotationibus
705 1857 828 1921 semper
849 1834 1013 1900 contextui
1028 1835 1186 1920 subjectis.
1262 1849 1430 1923 uapropter
1443 1859 1556 1924 rogan·

154 1920 212 1985 dus
226 1935 275 1986 est
291 1921 328 1984 L.
372 1971 377 1983 .
393 1919 639 2007 explicationem
653 1918 798 1984 evolvere
813 1919 951 2006 primum
966 1944 1022 2008 per
1042 1920 1153 1985 seriem
1168 1945 1204 1997 a,
1221 1920 1296 1988 dein
1310 1943 1366 2008 per
1380 1922 1421 1998 b.‚
1437 1936 1555 2009 postre-

156 2029 243 2072 mum
258 2029 316 2094 per
330 2029 366 2083 a,
382 2005 563 2093 priusquam
578 2004 618 2070 ad
632 2017 778 2070 notarum
792 2004 1020 2093 inspectionem
1035 2030 1067 2074 se
1081 2005 1228 2073 conferat.

420 2225 743 2284 ANNOTATIONES
765 2225 940 2286 CRITICAE
961 2228 1014 2285 ΕΤ
1034 2228 1287 2286 EXEGETICAE.

158 2343 318 2432 signoque
332 2365 484 2408 concessae
500 2340 675 2407 traduntur.
878 2363 992 2428 nempe
1006 2341 1041 2405 in
1059 2354 1265 2406 monumento
1291 2339 1483 2427 sarcophago
1496 2339 1557 2404 im-

198 2449 247 2512 At
258 2451 599 2514 εἶσῶστσιουέπιῶστσι
611 2444 712 2522 dicte,
723 2445 748 2509 si
758 2445 836 2511 fides
878 2445 1080 2521 minentibus‚
1096 2445 1148 2511 vel
1162 2445 1252 2510 lateri
1268 2443 1427 2532 appositis.

158 2554 197 2618 sit
224 2550 386 2639 supplanti
408 2551 443 2616 in
466 2551 651 2638 Thyatiren.
673 2570 740 2615 xvr.
758 2556 788 2616 8.
808 2575 834 2617 c.
923 2550 1072 2618 Concidit
1081 2550 1301 2640 porro,siratio
1312 2550 1466 2616 habeatur
1476 2573 1554 2615 meae

157 2665 218 2726 τῶν
230 2663 417 2746 ἐγκειμένων
427 2662 476 2725 ἐπὶ
487 2667 544 2734 τῆς
555 2663 653 2743 σοροῦ
665 2659 836 2725 ἐπιώστωυ.
879 2659 1075 2744 conjecturae,
1091 2656 1330 2724 commentantis
1345 2656 1379 2720 in
1394 2655 1556 2722 Fellowsii

159 2763 304 2830 Titulum
333 2786 406 2828 sane
430 2762 578 2850 descripsi
602 2785 724 2828 summa
751 2785 835 2838 cura,
877 2776 952 2829 nota
972 2768 1018 2850 (p.
1034 2767 1122 2844 331.)
1141 2762 1304 2839 sententia,
1329 2785 1369 2826 so.
1387 2784 1452 2826 non
1477 2760 1554 2827 alibi

157 2873 268 2963 saepius
292 2871 391 2936 oculis
410 2871 607 2958 perlustrans,
634 2882 671 2934 ut
697 2868 776 2935 adeo
795 2869 835 2936 de
877 2863 1553 2954 quamintitulisAphrodisiensibusoccur-

157 2977 319 3044 elementis
333 2975 438 3041 nullus
450 2975 602 3041 dubitem.
647 2973 745 3039 Porro
760 2998 834 3040 con·
877 2995 945 3038 rere
959 2971 1152 3038 mentionem
1170 2977 1234 3038 τῶν
1254 2973 1422 3040 εἶσώστωυ.
1461 2969 1553 3035 Idem

157 3085 285 3151 structio
301 3083 457 3172 ἐγκεῖσθαι
480 3089 530 3152 ἐπὶ
549 3093 606 3160 τῆς
629 3091 728 3169 σοροῦ
747 3105 832 3148 com-
877 3077 962 3144 enim
974 3101 1048 3142 cum
1058 3076 1145 3144 hisce
1168 3099 1277 3141 sonere
1296 3080 1449 3150 ἐπιώστσς
1474 3073 1552 3138 adeo

154 3190 255 3280 parari
279 3203 383 3278 potest
405 3213 479 3256 cum
493 3187 683 3254 Herodoteis
698 3193 748 3272 (11.
764 3193 831 3272 35.)
875 3181 910 3245 in
930 3181 1095 3268 propatulo
1114 3193 1161 3246 est
1180 3195 1217 3246 ut
1231 3181 1289 3243 vix
1304 3178 1488 3267 probatione
1502 3179 1551 3243 in·

153 3302 201 3366 ἔπὶ
215 3302 282 3366 τῶν
296 3296 459 3384 κεφαλέων
473 3299 634 3384 φορέουσι,
649 3293 703 3360 vel
716 3299 761 3378 (v.
776 3297 828 3361 92.
875 3287 991 3376 digest.

155 3406 198 3484 3.)
222 3404 370 3476 ἑστεῶτες
393 3401 442 3468 ἐπὶ
468 3404 533 3468 τῶν
553 3397 685 3485 θυρέων,
709 3396 829 3464 cellulis
