3788 5092
911 2305 1093 2408 Ῥωμαίου
1114 2317 1200 2390 θεοῦ

911 2434 1043 2523 ἅπασα
1062 2447 1121 2524 καὶ
1142 2443 1313 2526 νικώθεος

905 2675 1048 2733 VARIAE
1070 2677 1302 2738 LEGTIONES.

474 2793 532 2874 (1.)
559 2793 589 2854 1⁸
604 2811 640 2853 ss.
658 2817 775 2870 ωμοιου
790 2788 892 2874 quid?
937 2791 1089 2857 Extitisse
1116 2793 1209 2858 credo
1225 2793 1389 2876 Ῥωμαίου.
1435 2791 1519 2857 Dein
1534 2790 1603 2856 7⁸s.
1620 2796 1679 2857 ce?
1725 2790 1806 2854 For-

408 2889 487 2941 tasse
503 2882 592 2952 θεοῦ,
609 2874 693 2960 quod
708 2874 790 2950 dedi,
815 2874 869 2940 sed
883 2875 917 2940 in
931 2875 990 2942 hae
1005 2893 1092 2964 parte
1107 2878 1254 2965 injuriam
1277 2878 1449 2944 maximam
1494 2877 1687 2942 avimentum
1703 2875 1807 2941 fuerat

409 2965 647 3050 passum—(2.)
670 2960 750 3025 Haec
772 2961 811 3025 ab
825 2961 1007 3028 ineuntibus
1029 2965 1156 3052 expleat
1179 2965 1233 3051 qui
1256 2979 1366 3053 potest.
1412 2901 1495 3030 Dedi
1511 2965 1626 3030 ἅπασα.
1671 2961 1757 3026 Dein
1774 2970 1805 3030 κέ

676 3175 996 3235 ANNOTATIONES
1018 3178 1190 3236 CRITICAE
1211 3179 1264 3236 ΕΤ
1282 3156 1535 3236 EXEGETICAE.

457 3302 483 3361 1.
506 3295 662 3380 Ῥωμαίου
678 3295 761 3363 θεοῦ.
784 3295 907 3385 Nempe
923 3298 1083 3388 Ganyme·
1127 3298 1282 3388 guinitate
1305 3297 1460 3364 videndus
1483 3311 1530 3362 est
1548 3296 1748 3363 Herodianus
1769 3297 1803 3360 in

411 3401 467 3478 dis,
492 3424 586 3487 quem
609 3411 736 3485 raptum
753 3402 839 3478 θοοὶ,
860 3413 890 3466 et
913 3408 946 3467 in
969 3406 1084 3467 athera
1128 3408 1321 3470 Hist.1.ll.

405 3511 544 3592 positum
560 3505 1083 3588 eanitOvidjus,Metam.x.162.‚
1172 3515 1200 3576 2.
1219 3511 1357 3579 Ἅπασα.
1402 3511 1452 3576 De
1477 3534 1568 3576 sensu
1594 3509 1742 3575 orationis
1766 3511 1800 3575 in

412 3635 457 3678 ur.
475 3615 547 3681 756.
592 3613 770 3679 Remanum
785 3613 906 3680 dictum
926 3631 1013 3704 puto,
1034 3631 1085 3682 ut·
1127 3613 1186 3678 hac
1198 3627 1284 3700 parte
1296 3613 1414 3678 dubito.
1460 3612 1554 3692 Quod
1565 3612 1798 3701 primumcogi·

411 3733 484 3806 pote
494 3719 676 3805 Trojanum,
684 3717 785 3783 filium
795 3719 888 3785 Trois
896 3719 1085 3807 fratremque
1128 3721 1194 3787 tavi
1218 3735 1292 3798 erat,
1316 3721 1471 3808 picturam
1494 3719 1645 3794 extitisse,
1661 3719 1800 3785 tabulam

411 3825 566 3903 Assaraci,
592 3825 678 3892 unda
707 3850 764 3913 per
789 3825 902 3915 Capyn
931 3828 1085 3916 originem
1129 3827 1169 3893 ad
1197 3827 1307 3892 vivum
1341 3825 1523 3904 confectam,
1554 3825 1799 3912 Ganymedem,

413 3955 500 3997 suam
514 3932 641 3998 duxisse
663 3956 695 3998 se
710 3933 922 4020 praedicabant
941 3935 1084 4000 Romani.
1129 3936 1234 4012 πᾶσος
1249 3939 1395 4009 νικῶσαν,
1410 3934 1493 3997 alias
1507 3955 1609 3996 omnes
1618 3931 1801 4016 praecellen-

414 4040 546 4102 AEneid.
562 4059 584 4103 1.
597 4043 680 4116 284,
696 4060 740 4104 vn
758 4041 830 4109 779.
846 4064 883 4106 ss.
1129 4050 1189 4103 tem
1205 4038 1417 4126 pulcritudine
1440 4052 1472 4104 ct
1485 4051 1559 4104 arte.
1605 4035 1669 4103 Sed
1684 4037 1718 4101 in
1732 4036 1799 4101 loco

456 4145 505 4210 De
528 4144 677 4211 relatione
692 4145 887 4233 Ganymedis
906 4146 1084 4223 intendens,
1129 4145 1230 4212 alieno
1260 4145 1396 4233 positum
1426 4152 1475 4213 act
1506 4143 1611 4209 officit.
1657 4143 1742 4208 Dein
1767 4142 1799 4206 in

414 4261 445 4314 ct
454 4249 666 4314 Romanorum
681 4273 753 4314 cum
761 4248 943 4338 Phrygibus
957 4273 1085 4316 consan-
1129 4265 1266 4318 mentem
1288 4250 1375 4317 venit
1397 4250 1481 4328 ordo,
1501 4249 1643 4338 ῥωμοῖου
1665 4279 1697 4316 τε
1718 4249 1797 4328 θεοῦ,
