3818 5094
338 355 379 421 74
755 344 1105 414 INSCRIPTIONES
1128 343 1320 411 GRAECAE.
1530 346 1653 428 [rusca.
1670 365 1739 410 xvr.

302 562 339 611 a.
369 523 618 632 λαμπροτάτῃ
693 525 733 604 b.
755 525 866 630 ἔχειν,
886 517 915 632 ᾧ
935 519 1004 624 τὴν
1023 521 1175 628 ἐξουσί-
1233 551 1268 602 c.
1289 521 1416 623 μνείας
1435 518 1560 628 χάριν,
1581 524 1623 602 ἐκ
1643 528 1717 604 τῶν

294 665 341 732 10
367 662 618 761 Ιθνατιιρηνῶν
758 689 806 734 αν
826 662 892 734 τοῦ
912 658 1029 734 θεῖναι
1049 659 1100 738 εἰς
1119 649 1206 733 τού·
1297 653 1400 733 ἰδίων
1419 652 1743 738 κατασκευαστάς.

839 886 984 944 VARIAE
1005 885 1240 944 LECTIONES.

344 1011 425 1090 (10.)
450 1007 713 1095 supplementum
735 1008 769 1072 in
792 1007 928 1074 secunda
949 1007 1058 1074 tabula
1071 1005 1284 1093 inscriptionis
1299 1005 1373 1071 dedi
1411 1006 1475 1071 uod
1489 1029 1562 1070 cum
1584 1005 1745 1093 superiore

344 1109 431 1181 parte
445 1093 545 1159 tertia
559 1094 722 1172 cohaereat,
736 1093 781 1160 ita
795 1107 833 1158 ut
845 1093 901 1159 fiat
915 1107 1108 1158 transcursus
1122 1092 1163 1157 ad
1177 1090 1358 1158 clausulam.
1441 1091 1577 1157 nsendus
1592 1106 1642 1157 est
1656 1091 1744 1176 loqui

607 1305 930 1364 ANNOTATIONES
952 1305 1127 1364 CRITICAE
1149 1304 1201 1362 ET
1221 1303 1475 1363 EXEGETIGAE.

346 1422 490 1487 Romano
512 1423 702 1511 respondent
715 1427 880 1499 maeniana,
895 1421 930 1486 in
945 1421 1020 1486 aedi-
1064 1418 1608 1498 cralis‚rationeaedium‚illustratio.
1627 1419 1747 1484 Occur-

346 1528 404 1591 bus
429 1524 610 1591 notissima:
632 1550 682 1614 cp.
699 1524 766 1592 Cio.
782 1526 935 1591 Academ.
952 1513 1020 1588 1J2.
1064 1526 1107 1591 rit
1121 1533 1140 1594 ὁ
1154 1526 1292 1603 πλάτας,
1308 1548 1403 1610 quem
1415 1537 1447 1590 et
1457 1523 1524 1611 ipse
1535 1538 1745 1590 memoratum

346 1637 398 1696 22.
412 1630 456 1714 (h.
467 1631 487 1696 l.
500 1655 575 1698 vero
589 1633 751 1697 subortum
765 1645 855 1697 notes
864 1630 1021 1712 dubium),
1065 1630 1161 1695 video
1172 1631 1206 1694 in
1218 1629 1307 1696 brevi
1318 1629 1411 1694 titulo
1423 1628 1457 1693 in
1468 1629 1596 1717 tugurio
1608 1629 1747 1714 quodam

347 1734 455 1800 Valor.
480 1735 570 1801 Max.
594 1757 641 1800 ιι.
670 1740 717 1800 12.
741 1737 770 1803 7.
815 1733 944 1799 Vitruv.
966 1735 1022 1798 De
1066 1734 1222 1822 descripto
1231 1733 1307 1798 dmn
1322 1733 1357 1798 in
1371 1733 1625 1820 vicoGheyerals
1642 1734 1746 1801 diver·

347 1843 522 1907 Architect.
539 1862 570 1905 v.
587 1846 612 1904 l.
629 1865 660 1928 p.
676 1844 763 1919 129.;
787 1845 817 1904 8.
833 1863 864 1927 p.
880 1845 950 1904 146.
1066 1864 1157 1906 sarar.
1202 1841 1281 1907 Erat
1295 1843 1391 1918 basis,
1402 1844 1604 1918 substructio,
1621 1840 1746 1916 tumuli,

390 1947 429 2011 In
455 1945 548 2011 titulo
573 1945 816 2034 Aphrodisiensi
846 1951 902 2030 (ex
929 1945 1021 2028 meis)
1067 1970 1136 2032 quae
1162 1959 1195 2012 et
1218 1946 1287 2034 ipsa
1308 1945 1477 2032 aliquando
1499 1945 1670 2034 complexa
1688 1950 1747 2025 τὰς

347 2051 441 2117 obvia
455 2065 528 2116 sunt
539 2075 623 2137 seqq.
662 2054 707 2119 Τὸ
721 2061 887 2137 μνημεῖον,
903 2057 953 2120 καὶ
965 2056 1023 2130 τὴν
1067 2055 1227 2129 εἶσώστας.
1251 2051 1336 2117 Dein
1348 2075 1441 2138 super
1451 2051 1518 2116 basi
1532 2055 1569 2119 τὸ
1583 2065 1746 2138 μνημεῖον,

348 2160 394 2225 ἐπ’
406 2159 483 2225 αὐτὰ
499 2161 673 2244 σορὸν,καῖ
688 2159 747 2233 τὰς
762 2159 926 2235 riaciosco,
939 2185 1024 2223 κατε·
1067 2157 1153 2244 quod
1164 2171 1196 2222 et
1210 2155 1337 2246 τύμβος
1352 2173 1384 2222 et
1394 2156 1511 2247 βωμὸς
1522 2157 1649 2224 dicitur.
1674 2158 1746 2224 Sar·

349 2267 497 2332 σκεΐιααεν
513 2267 623 2342 Ζήνων
638 2263 865 2331 Ἀπολλωνίου
889 2269 945 2329 τοῦ
962 2264 1023 2329 Γᾶ·
1067 2262 1227 2350 copbsgus
1236 2261 1746 2350 seuloculusoinerariusnioopdc,

347 2397 420 2454 μου.
469 2368 509 2433 In
538 2366 636 2432 altero
665 2379 713 2432 ter
741 2381 963 2444 memorantur,
993 2379 1026 2432 at
1068 2369 1124 2456 qui
1138 2369 1173 2433 in
1192 2368 1316 2434 tumulo
1337 2373 1502 2456 (μνημείῳ)
1518 2367 1684 2434 conclusus
1708 2367 1747 2433 ad

349 2472 572 2538 difficillimum
587 2485 634 2537 est
647 2472 912 2538 constructionem
927 2496 1024 2561 expe·
1068 2498 1161 2540 usum
1184 2473 1356 2540 conditoris
1374 2489 1631 2558 caeterorumque,
1653 2487 1748 2561 prout

350 2578 417 2644 dire
427 2579 467 2643 ob
483 2601 627 2653 marmor,
639 2577 672 2640 in
683 2601 745 2662 quo
760 2577 917 2665 insculpta
924 2577 1027 2644 suerat
1069 2581 1099 2646 ei
1113 2580 1216 2645 visum
1227 2580 1338 2658 fuerat,
1354 2580 1576 2646 destinabatur.
1622 2581 1746 2645 Postre-

350 2681 530 2768 epigraphe,
546 2705 564 2746 a
578 2681 716 2769 lapicida
731 2682 867 2768 quodam
882 2682 1026 2749 bifariam
1069 2709 1158 2750 mum
1173 2689 1318 2753 εἶαὼσται
1332 2699 1365 2752 et
1380 2685 1548 2773 εἶδορόροι,
1561 2707 1698 2771 quorum
1713 2685 1746 2749 hi
1866 2759 1867 2767 ἵ

350 2801 480 2852 sectum.
510 2786 643 2852 Invenio
654 2797 724 2864 ταῖς
735 2790 908 2866 εἰσώσταις.
932 2789 1026 2867 Dein,
1070 2793 1177 2856 subter
1202 2789 1438 2878 sarcophagum,
1458 2789 1608 2876 varioque
1635 2803 1749 2856 ornatu
1864 2775 1866 2780 ¹

352 2893 422 2960 οὔτε
444 2898 502 2962 τὸν
516 2893 642 2980 βωμὸν,
658 2892 729 2961 οὔτε
745 2896 905 2970 sinciacus.
950 2893 1027 2959 Pos·
1070 2894 1239 2960 formarum
1250 2892 1403 2970 instructi,
1416 2892 1564 2958 adinstar
1575 2894 1747 2982 zographo·

352 3013 496 3076 tremum,
512 3003 567 3068 ἐὰν
579 2998 612 3066 δέ
626 3028 674 3075 τις
685 3003 868 3087 ἐπιχειρήσῃ
883 3001 902 3076 ἢ
918 2999 1028 3068 ἐνθάδε
1070 3023 1150 3076 rum,
1170 2999 1273 3086 positi,
1288 2998 1338 3063 hae
1362 3012 1395 3064 et
1413 2998 1448 3063 in
1466 2998 1534 3064 basi
1553 3005 1612 3086 (τῷ
1626 3000 1748 3087 πλάτα)

353 3110 397 3187 (τι
416 3107 501 3190 παρὰ
518 3108 619 3189 νόμον
640 3108 791 3184 rotimus,
815 3105 1029 3187 ἢείαώσταις,
1071 3117 1103 3171 et
1127 3104 1161 3168 in
1191 3104 1373 3191 eidophoro,
1402 3103 1500 3189 inque
1525 3103 1595 3191 ipso
1624 3104 1749 3168 tumulo

353 3212 373 3288 ἣ
388 3221 584 3296 μετακινῆσαι
598 3212 656 3286 τὴν
673 3212 782 3296 σορόν,
798 3239 826 3276 κ.
839 3239 867 3276 τ.
878 3209 911 3275 λ.
1072 3208 1456 3296 (τύμβῳ)1οοωιιεοηὶιιε
1470 3221 1552 3274 sunt.
1563 3209 1668 3275 Possis
1679 3235 1748 3275 ver·

397 3315 481 3381 Cum
502 3314 589 3380 hisce
611 3313 694 3379 conf.
710 3314 772 3379 titt.
793 3315 967 3401 Aphrodis.
987 3339 1030 3380 ex
1072 3327 1137 3380 tere
1152 3317 1247 3379 cellos
1262 3316 1463 3400 sepulcrales.

354 3419 476 3486 schedis
493 3419 641 3486 Sherardi
656 3419 818 3507 evulgatos
841 3420 945 3486 aviro
968 3421 1029 3486 cla·
1117 3420 1249 3486 Restant
1271 3432 1304 3485 et
1326 3443 1369 3486 ex
1383 3420 1499 3486 tabulis
1516 3420 1651 3508 lapideis
1676 3447 1750 3489 con·

355 3527 476 3592 rissimo
499 3524 664 3602 Boeckhi0‚
681 3531 776 3591 2824.
797 3531 827 3591 3.
846 3551 854 3604 ;
881 3531 976 3591 2834.
1000 3529 1029 3595 7.
1072 3524 1170 3603 seotae,
1183 3530 1328 3594 εἶσῶσται
1342 3526 1621 3606 πλᾶκινοι,εο1ιαπι
1634 3528 1751 3594 Boeclr·

357 3639 466 3718 (quem
489 3645 521 3696 et
534 3632 600 3719 ipse
615 3632 650 3696 in
673 3631 860 3719 apographis
883 3633 961 3698 meis
975 3632 1029 3698 de·
1073 3631 1128 3696 hio
1142 3632 1328 3697 emendante
1343 3632 1378 3696 in
1393 3632 1439 3696 N⁰
1452 3635 1546 3698 2846.
1562 3638 1592 3698 8.
1609 3656 1655 3720 sq.
1687 3635 1752 3700 Oc·

356 3735 507 3822 scriptum
532 3735 657 3818 babeo),
683 3740 776 3800 2840.
802 3742 857 3812 8.;
881 3738 974 3802 2846.
999 3742 1029 3807 9.
1073 3750 1204 3803 currunt
1214 3737 1248 3802 in
1258 3737 1306 3802 tit.
1322 3737 1438 3826 insigni
1450 3737 1694 3825 Aphrodisiensi
1709 3764 1751 3806 ex

356 3839 467 3904 Addas
478 3839 645 3917 Fellowsii,
661 3840 696 3904 in
710 3839 771 3904 titt.
787 3839 906 3906 ibidem
921 3865 1030 3908 exara-
1074 3841 1196 3908 schedis
1211 3843 1380 3920 Fellowsii‚
1403 3863 1453 3908 nv.
1481 3867 1511 3930 p.
1531 3848 1605 3910 354.
1625 3869 1750 3934 nempe,

358 3944 407 4020 tis,
427 3946 579 4008 Itinerar.
601 3949 725 4027 (1840.)
746 3944 801 4010 N⁰⁸
817 3951 868 4011 48.
888 3971 918 4034 p.
939 3952 1030 4026 345.;
1075 3955 1194 4034 ὁμοίως
1213 3951 1291 4017 εἶναι
1315 3952 1438 4027 καὶτὰς
1457 3956 1685 4037 παρακειμένας
1709 3958 1752 4038 τῷ
1776 4018 1781 4026 ,

359 4054 410 4117 49.
427 4073 457 4137 p.
470 4050 561 4126 346.;
583 4052 635 4116 57.
652 4073 682 4136 p.
694 4052 768 4115 356.
1073 4054 1178 4142 βωμῷ
1192 4061 1242 4122 καὶ
1256 4060 1296 4142 τῇ
1315 4060 1405 4140 σορῷ
1428 4056 1579 4129 εἶαώστας
1594 4053 1751 4130 πλακίνας

402 4156 457 4220 Ex
471 4155 556 4221 hisce
577 4155 699 4241 liquido
722 4168 842 4223 constat
863 4156 907 4224 rei
927 4158 1031 4246 sepul·
1074 4170 1159 4246 τρεῖς
1178 4190 1204 4226 κ.
1222 4190 1248 4225 τ.
1265 4160 1296 4226 λ.
1313 4181 1382 4244 quae
1397 4157 1471 4223 filiis
1495 4157 1667 4224 conditoris
1689 4157 1768 4246 pri·-
