3788 5092
821 411 1100 480 AUOTARIUM
1123 411 1362 481 NOTARUM.

916 625 995 690 Pac.
1009 629 1059 688 23.
1075 625 1158 690 Iam.
1170 645 1200 688 v.
1214 629 1264 689 24.

463 757 519 830 Εἰς
533 756 635 820 πάντα
652 749 679 818 δ.
692 779 745 838 χρ.
789 747 863 813 Non
877 746 1026 812 absimilis
1040 761 1087 812 est
1100 746 1333 813 idololatrarum
1350 746 1627 813 Stratonicensium
1641 749 1795 837 gloriatio

396 864 430 926 in
444 859 536 926 titulo
550 857 665 946 insigni
681 878 774 943 quem
793 879 836 920 ex
852 852 999 920 Sherardi
1018 851 1140 918 schedis
1155 851 1276 916 dudum
1295 852 1403 918 retulit
1418 853 1668 938 Chishullus(a):
1691 856 1794 942 Ὑπὲρ

396 974 452 1032 τοῦ
471 966 544 1044 ἰ’σην
564 969 607 1040 εἷς
626 966 683 1032 τὸν
703 965 807 1030 πάντα
826 965 924 1029 αἰῶνα
941 963 1000 1037 τὴν
1020 961 1118 1037 αὐτὴν
1140 958 1291 1046 διαμεῖναι
1315 971 1371 1037 τῆς
1391 960 1598 1048 ιἰνθαιρέσεως
1616 961 1718 1038 τάξιν,
1741 973 1793 1031 καὶ

400 1071 572 1159 θρησκείαν,
588 1075 637 1138 καὶ
652 1068 814 1155 εὐσέβειαν
827 1074 892 1135 τῶν
908 1065 996 1136 θεῶν.
1040 1065 1130 1131 Jovis
1144 1089 1266 1153 nempe,
1281 1079 1313 1130 et
1328 1066 1471 1132 Hecates.

901 1281 980 1344 Pio.
994 1284 1044 1344 25.
1061 1279 1136 1344 Τιι.
1149 1280 1192 1346 Π.
1208 1301 1239 1344 v.
1251 1285 1281 1346 8.

464 1415 670 1499 Προεστῶτος
691 1421 746 1488 τῆς
769 1439 801 1476 π.
846 1407 979 1484 Diserte,
1004 1406 1106 1483 credo,
1132 1421 1321 1472 memoratur
1344 1407 1603 1496 Panegyriarcha,
1628 1408 1668 1472 ad
1692 1432 1793 1493 quem

399 1518 574 1607 pertinebat
593 1516 768 1605 procuratio
788 1515 943 1592 ludorum,
967 1539 1133 1602 rerumque
1156 1514 1297 1580 omnium
1316 1539 1508 1601 quaecunque
1533 1515 1572 1580 ad
1591 1514 1794 1602 splendorem

399 1648 591 1713 panegyreos
611 1624 789 1712 augendum
809 1622 947 1688 conferre
966 1635 1119 1711 poterant.
1162 1622 1241 1687 Erat
1259 1644 1373 1710 nempe
1387 1621 1524 1688 officium
1542 1620 1667 1706 majoris
1682 1621 1793 1710 digni-

399 1733 470 1797 tatis
485 1755 578 1817 quam
593 1729 813 1819 Agonothetae,
829 1728 884 1815 qui
899 1726 1104 1794 certaminum
1118 1727 1271 1793 rationem
1284 1741 1407 1792 tantum
1422 1727 1696 1811 moderabatur(b).

463 1836 610 1902 Ceterum
627 1849 757 1922 uterque
778 1834 973 1923 magistratus
995 1833 1056 1913 hic,
1076 1833 1164 1899 utin
1185 1833 1339 1921 plerisque
1354 1833 1566 1910 marmoribus,
1581 1834 1792 1911 connectitur,

399 1943 482 2009 utin
497 1943 589 2007 titulo
602 1942 806 2030 Sponiano(c)
823 1942 862 2006 ab
879 1939 1034 2006 Eckhelio
1049 1939 1151 2017 allato,
1168 1948 1663 2008 ΠΑΝΗΓΥΡΙΑΡΧΗΣΑΝΤΑ
1674 1992 1680 2004 .
1693 1949 1770 2009 KAl
1786 1994 1793 2004 .

399 2053 813 2116 ΑΓΩΝΟΘΕΤΗΣΑΝΤΑ
827 2052 934 2112 ,ΤΩΝ
946 2096 952 2108 .
966 2052 1180 2112 ΜΕΓΑΛΩΝ
1194 2093 1201 2108 .
1213 2054 1537 2115 ΠΑΝΑΘΗΝΑΙΩΝ
1551 2098 1557 2110 .
1569 2059 1606 2112 ut
1616 2061 1648 2111 et
1658 2047 1690 2111 in
1704 2049 1792 2114 Gru·

398 2153 575 2235 teriano(d),
589 2150 716 2217 ibidem.
761 2149 903 2215 Distinxi
917 2149 989 2215 ideo
1008 2149 1177 2216 clausulam
1195 2151 1241 2216 ita
1259 2165 1295 2217 ut
1313 2151 1462 2218 reseratur
1477 2153 1655 2219 Marcianus
1669 2155 1792 2220 Praeses

401 2258 493 2323 simul
509 2258 699 2333 Conventus,
715 2268 748 2321 et
762 2254 978 2320 certaminum
994 2253 1182 2332 Moderator,
1198 2255 1344 2342 idemque
1359 2257 1442 2324 filius
1458 2258 1525 2324 Titi
1539 2260 1619 2324 AElii
1635 2262 1745 2327 Prisci.

464 2366 503 2430 In
517 2364 609 2430 sacris
623 2364 713 2430 codd.
725 2360 935 2449 προΐστασθαι
950 2362 1098 2428 dicuntur
1107 2363 1255 2430 Ecclesiae
1270 2378 1411 2444 rectores,
1424 2367 1503 2432 utin
1514 2371 1621 2453 Epist.
1631 2372 1676 2432 ud
1688 2371 1791 2434 Theo

400 2474 458 2536 sal.
474 2494 496 2537 1.
512 2477 542 2536 5.
559 2475 606 2534 12.
621 2470 747 2535 fortasse
762 2489 834 2533 cum
849 2480 991 2556 respectu
1006 2466 1046 2531 ad
1061 2467 1268 2533 Ethnicorum
1282 2469 1518 2558 magistratuum
1533 2472 1648 2539 titulos.

917 2681 997 2746 Pac.
1010 2683 1060 2746 26.
1076 2681 1157 2746 Iam.
1170 2703 1201 2745 v.
1218 2687 1264 2744 13.

467 2807 649 2896 Ἀποδοχῆς
665 2807 766 2884 &Eleu
810 2808 836 2873 I.
848 2834 875 2874 e.
891 2809 1127 2896 εὐπροσδέκτου,
1142 2813 1352 2896 acceptabilis.
1392 2809 1454 2887 Sic,
1466 2822 1620 2897 acceptus,
1635 2819 1789 2900 accipere,

406 2912 624 3003 ἀποδέχεσθαι,
639 2916 723 2980 utin
737 2915 935 2996 Herodiano
955 2919 1033 3008 ὅπερ
1049 2924 1187 3005 ὁρῶντες
1207 2922 1237 2987 ol
1257 2924 1450 3006 στρατιῶται,
1469 2920 1507 2985 οὗ
1528 2923 1613 2987 πάνυ
1631 2950 1661 2988 τι
1681 2921 1788 2990 ἀπεδέ-

405 3048 515 3108 χοντο,
529 3022 743 3108 ἆπηρέσκοντό
757 3052 788 3090 τε
803 3025 899 3092 αὐτοῦ
913 3029 958 3112 τῷ
967 3025 1042 3113 βίῳ,
1059 3029 1103 3104 ὡς
1114 3025 1262 3113 ιἰνειμένῳ
1272 3024 1400 3111 μᾶλλον
1414 3026 1433 3103 ἢ
1449 3026 1512 3093 κατ’
1523 3025 1623 3113 ἄνδρα
1639 3056 1789 3115 στρατιω-

403 3129 545 3208 τικόν(ε).

885 3256 964 3322 Pac.
977 3261 1028 3326 21.
1045 3259 1119 3323 Τιι.
1132 3259 1192 3324 ΠΙ.
1209 3281 1239 3323 v.
1256 3267 1302 3326 10.

471 3383 579 3458 Τιμὴν.
626 3376 758 3466 Nempe,
783 3378 962 3466 ἆνὸριάντα,
984 3387 1097 3452 εἰκόνα.
1146 3385 1285 3451 Illustrat
1304 3387 1474 3454 Herodian.
1499 3396 1547 3459 aul
1571 3395 1629 3471 τὰς
1652 3403 1710 3480 μὲν
1732 3406 1789 3466 τοῦ

406 3479 585 3566 Μαξιμίνον
595 3484 686 3567 τιμὰς
698 3481 865 3572 καθῄρουν,
877 3490 972 3556 εἰκόσι
984 3487 1016 3555 δὲ
1028 3496 1077 3557 καὶ
1090 3488 1235 3578 atvopida
1247 3493 1424 3581 Γορδιανοῦ
1434 3499 1492 3574 τὰς
1503 3498 1614 3578 πόλεις
1625 3505 1789 3588 ἐκόσμουν.

405 3592 544 3668 Iterum
575 3589 759 3680 ἇνδριᾶντες
790 3593 847 3660 οὖν
878 3601 926 3662 καὶ
958 3598 1084 3676 εἰκόνες,
1116 3602 1200 3684 τιμαί
1227 3627 1258 3666 τε
1287 3606 1383 3670 πᾶσαι
1411 3611 1467 3671 τοῦ
1494 3605 1673 3691 Μαξιμίνου
1704 3642 1789 3681 κατε-

407 3701 548 3778 σπῶντο(
550 3699 581 3783 f
583 3701 606 3779 l

446 3842 491 3922 (a)
503 3843 572 3900 Vid
585 3843 706 3919 Antiqq.
722 3842 815 3900 Asiat.
828 3862 856 3919 p.
870 3845 933 3902 154.
948 3863 970 3903 s.
1117 3845 1237 3916 Eekhel,
1251 3868 1281 3906 u.
1293 3869 1314 3908 s.

446 3943 488 4020 (b)
502 3942 583 4000 Conf.
597 3942 781 4010 Vandalium,
801 3941 920 4001 Deam.
935 3961 988 4001 vu.
1008 3963 1031 4002 o.
1050 3947 1074 4002 1.
1157 3943 1202 4020 (d)
1217 3946 1364 4024 Inscriptt.
1378 3969 1405 4026 p.
1418 3953 1500 4016 1091.
1512 3956 1538 4010 4.

407 4061 454 4119 pp.
473 4039 539 4100 506.
560 4060 610 4110 aa,
631 4041 750 4100 Eckhel.
770 4042 815 4121 (in
836 4061 895 4118 cap.
915 4041 950 4102 de
970 4043 1074 4120 magis·
1158 4043 1198 4120 (a)
1214 4045 1290 4104 Hut.
1306 4065 1335 4106 v.
1351 4052 1378 4108 3.
1393 4052 1433 4127 (p.
1448 4053 1510 4112 130.
1527 4052 1611 4129 Tau.)

408 4137 610 4214 trat.)rol.1v.
624 4159 671 4216 pp.
682 4141 749 4198 215.
764 4159 798 4198 ss.
1159 4143 1297 4225 (sfflid.
1313 4166 1366 4208 ιιιι.
1379 4153 1408 4210 5.
1421 4161 1511 4221 extr.;
1532 4153 1608 4225 dein,
1626 4155 1652 4224 7,
1668 4157 1709 4234 (p.
1721 4159 1787 4219 206.

446 4234 487 4314 (c)
499 4234 611 4311 Voycqa
627 4237 660 4294 Τ.
671 4255 714 4294 ιιι.
727 4247 801 4314 part.
817 4257 847 4298 ru
861 4260 888 4318 p.
903 4243 967 4308 129.
981 4241 1029 4302 cit.
1043 4242 1074 4302 in
1118 4242 1204 4319 Tau.)
