3818 5094
381 428 417 487 18
788 427 1137 495 INSCRIPTIONES
1161 428 1351 496 GRAECAE.
1605 431 1725 513 [mssa.
1742 448 1762 494 1.

380 567 1405 711 ..bmoaaaanoaapramncmn
1414 685 1549 707 .........
1554 632 1612 710 m
1618 690 1696 709 .....

506 739 1564 869 ..rumernxnrnxcnrnexnnlrnrxmnn
1570 840 1727 862 .........

330 959 378 1026 20
501 912 1756 1038 srolzrnxrorraxmmflnrcanernm..„„„......

486 1077 1732 1208 raamnzlepommmarolmaozo....
1772 1165 1774 1168 -

487 1245 1761 1372 elisererorlorneemronmamonlax.............

485 1427 1662 1589 Hxerrarxan............·.anezorasanaxanla
1668 1519 1733 1535 ......
1736 1517 1762 1532 .„

646 1617 1381 1700 arx..nraa1nmrnxnr„...

493 2039 501 2055 .
526 1975 541 2055 .“
555 1987 607 2057 λα
626 1968 992 2075 κατωκευάζουσαν,
1013 1971 1074 2050 καὶ
1093 1965 1161 2071 τὴν
1178 1967 1288 2072 τιμὴν
1307 1972 1399 2079 αὐξ-

488 2107 666 2190 άνουσαν·
689 2112 740 2191 εἰς
760 2104 780 2187 ὃ
800 2103 845 2186 δι’
865 2107 977 2206 αὐτῆς
998 2109 1063 2206 τῆς
1081 2111 1188 2206 τιμῆς
1208 2103 1317 2193 ναοὺς
1338 2105 1419 2190 ἐδό-

486 2248 560 2347 χθη
580 2276 620 2323 τε
640 2240 828 2344 ἵδρυσθαι,
849 2239 910 2319 καὶ
928 2233 1088 2337 βωμούς·
1110 2232 1197 2322 τοὺς
1216 2235 1256 2318 δὲ
1274 2237 1480 2339 parentvm

488 2371 554 2458 τὰς
575 2376 636 2454 ὑπ’
656 2374 768 2472 αὐτῆς
786 2371 982 2476 γινομένας
1002 2370 1127 2477 ἑτέρας
1147 2371 1292 2453 οἴεσθαι
1311 2372 1449 2461 πάσας·

489 2504 550 2585 καὶ
568 2513 679 2586 τοῦτο
699 2500 744 2604 δὴ
763 2503 946 2606 μέγιστον
964 2505 1072 2582 τοῦδε
1093 2504 1179 2607 περὶ
1198 2499 1313 2606 αὐτὴν
1333 2513 1479 2602 σεβασ-

486 2648 559 2739 μοῦ
579 2641 684 2719 ἐστιν
702 2636 901 2742 τεκμήριον
919 2632 962 2718 τὸ
984 2635 1176 2736 ἐπώνυμον
1194 2637 1307 2738 αὐτῆς

871 2871 1013 2930 VARIAE
1034 2869 1267 2929 LECTIONES.

441 2992 459 3026 ⁵
475 2985 514 3050 In
528 3010 580 3049 vv.
600 2987 647 3054 17.
659 3009 681 3049 s.
697 2984 804 3050 notavi
818 2982 922 3049 literas
937 2981 1088 3048 asteriscis
1102 3005 1172 3068 quae
1186 2981 1220 3046 in
1234 2981 1339 3070 lapide
1353 2982 1393 3048 ad
1406 2982 1492 3050 idem
1506 2986 1764 3073 perpendiculum

375 3071 606 3136 ordinabantur.
651 3070 773 3137 Pariter
786 3070 821 3134 in
838 3068 1004 3144 Sardianis,
1021 3088 1094 3134 vm.

439 3161 499 3241 (l.)
521 3157 751 3246 Apographnm
774 3155 860 3243 quod
882 3155 1031 3221 adcitum
1049 3153 1110 3220 feci
1125 3153 1256 3220 exhibet
1277 3162 1427 3224 AAKAll
1491 3180 1565 3222 cum
1578 3158 1698 3225 ultimis
1712 3174 1767 3228 aut

374 3243 503 3309 terendo
523 3243 713 3342 consumptis
732 3256 787 3308 aut
807 3241 932 3330 penitus
950 3239 1070 3308 deletis.
1113 3241 1161 3304 At
1179 3241 1298 3328 syllaba
1315 3241 1425 3329 prima,
1445 3242 1522 3329 quid
1541 3244 1631 3310 vult?
1679 3246 1765 3326 Erat,

374 3329 476 3406 credo,
492 3328 527 3393 in
540 3328 634 3395 titulo
646 3343 712 3395 inte
751 3354 769 3393 ο
784 3329 880 3406 ἄλλα,
894 3350 1008 3414 nempe
1022 3325 1084 3391 alia
1099 3331 1224 3414 (praeter
1237 3350 1274 3392 ea
1288 3326 1322 3390 in
1337 3327 1421 3392 tituli
1435 3329 1586 3416 prooemio
1600 3332 1766 3416 recensita)

375 3440 445 3502 quae
460 3414 500 3479 ad
508 3414 701 3500 justioremc
737 3429 805 3480 tum
819 3415 885 3480 deae
903 3412 1066 3490 faciebant,
1082 3412 1275 3498 ἀναθήματα,
1290 3415 1400 3494 τέλεια,
1415 3445 1444 3482 κ.
1458 3445 1485 3482 τ.
1502 3417 1534 3483 λ.
1550 3439 1598 3503 cp.
1614 3441 1652 3482 ss.
1668 3438 1704 3483 11.
1720 3425 1765 3498 1.;

374 3523 424 3566 111.
441 3505 570 3584 1.-(2.)
593 3500 752 3589 Descripsi
766 3500 868 3588 primo
885 3499 921 3564 in
939 3504 987 3563 10.
1002 3523 1025 3563 s.
1038 3507 1105 3566 θΑ.
1149 3498 1360 3566 Proculdubio
1375 3523 1445 3585 quae
1460 3501 1533 3566 dedi
1547 3501 1718 3569 extiterant
1731 3505 1767 3570 in

375 3593 639 3671 marmore-(5.)
662 3587 701 3652 In
717 3592 758 3651 22
773 3599 901 3675 apparet
916 3595 943 3654 A
958 3584 1108 3673 inprime
1123 3585 1310 3674 apographo,
1322 3586 1357 3650 in
1368 3587 1419 3664 26,
1432 3597 1469 3665 A,
1483 3586 1518 3650 in
1529 3591 1581 3666 28,
1595 3597 1630 3656 Ε.
1665 3589 1767 3657 Erant

642 3799 963 3860 ANNOTATIONES
984 3798 1158 3858 CRITIOAE
1177 3798 1231 3856 ET
1250 3797 1503 3858 EXEGETICAE.

421 3923 450 3986 6.
472 3923 672 4008 Ἐπώνυμον.
703 3922 763 3987 Est
777 3920 811 3986 in
821 3921 883 3988 hoc
893 3919 963 3987 loco
978 3921 1050 3986 sub·
1094 3919 1149 4007 qui
1163 3942 1285 3984 summa
1297 3942 1373 3985 cura
1387 3917 1536 4007 descripsi
1550 3919 1664 3986 omnia.

377 4028 651 4106 stantivummlias,
665 4027 751 4094 utin
770 4033 827 4104 14„
843 4026 1051 4114 adjectivum
1137 4025 1301 4093 Vertenda
1319 4038 1367 4092 est
1386 4025 1555 4092 sententia:
1578 4029 1626 4091 Et
1639 4028 1769 4114 hujusce

378 4131 438 4196 nisi
454 4131 572 4199 dixerit
591 4131 703 4218 aliquis
724 4131 880 4199 excidisse
897 4139 936 4209 N,
951 4143 984 4197 et
997 4153 1051 4196 ve·
1095 4133 1196 4197 cultas
1216 4133 1366 4219 reliqioai,
1390 4136 1423 4196 in
1437 4155 1502 4220 quc
1523 4144 1593 4196 erat
1607 4135 1719 4200 habita
1735 4140 1769 4221 (ἡ

378 4262 444 4304 ram
458 4238 626 4307 lectionem
641 4261 706 4307 esse
721 4243 779 4310 τὸν
793 4243 969 4326 ἐπώνυμον.
992 4237 1053 4305 At·
1098 4240 1249 4328 ἄρτεμις),
1264 4241 1413 4306 indicium
1433 4250 1479 4306 est
1493 4245 1670 4318 maximam,
1685 4246 1771 4330 qnod
