3788 5092
738 495 921 563 SARDES.
1463 500 1520 563 165

129 669 153 698 “
167 663 325 752 Epicrisi‚'’
340 666 441 754 posito
465 691 587 756 nempe,
602 691 769 734 numerum
789 682 1010 736 neocoratuum
1031 693 1095 735 non
1115 692 1236 758 semper
1250 671 1376 758 praecise
1396 671 1519 760 apponi,

121 771 297 857 aliquando
320 772 405 838 enim
430 773 622 862 subintelligi
646 797 750 851 unam,
774 789 811 838 ut
826 780 881 860 (ex
896 777 938 858 c.)
954 797 1052 859 quum
1067 772 1207 861 Ephesii,
1234 773 1288 858 qui
1311 797 1343 839 se
1360 775 1522 861 jactabant

116 880 267 967 τετράκις
291 884 476 966 νεωκόρους,
501 880 606 967 aliquo
627 893 766 969 tempore
789 905 822 947 se
844 888 915 968 τρὶς
939 886 1116 970 νεωκόρους
1140 879 1326 967 scripserint,
1350 881 1519 947 ueletiam

119 985 305 1069 νεωκόρους
319 982 511 1070 simpliciter,
526 1008 590 1070 quo
604 1008 678 1050 casu
692 985 818 1050 videtur
831 985 910 1050 ratio
921 986 1073 1053 neocoriae
1084 985 1267 1063 Artemidis,
1283 1009 1352 1071 quae
1366 986 1426 1051 fuit
1441 988 1518 1052 civi-

117 1088 185 1152 tati
199 1088 368 1176 Ephesinae
383 1089 556 1176 peculiaris,
572 1093 636 1158 κοτ’
651 1092 769 1180 ἐξοχὴν
783 1091 907 1174 haberi(
929 1097 953 1175 ).

192 1193 330 1279 Conjicit
351 1217 443 1281 porro
466 1194 627 1282 ingeniose
642 1193 815 1260 Eckhelius
830 1195 1028 1261 deminutum
1042 1196 1135 1262 fuisse
1159 1196 1327 1282 aliquando
1351 1221 1516 1262 numerum

120 1316 348 1368 neocoratuum
362 1303 396 1366 in
415 1303 594 1392 epigraphis
612 1303 787 1369 assentandi
802 1327 901 1369 causa.
946 1303 1140 1391 Exemplum
1154 1304 1249 1390 hujus
1264 1303 1353 1369 affert
1372 1303 1412 1368 ad
1429 1301 1515 1368 illus-

122 1409 290 1475 trationem
305 1423 528 1497 comparatum.
574 1420 591 1448 “
603 1409 681 1473 Esto
696 1410 805 1474 urbem'
821 1406 1000 1495 quampiam
1015 1407 1056 1472 ad
1069 1406 1298 1472 observandum
1308 1406 1514 1496 Elagabalum

125 1536 243 1578 novum
258 1514 319 1580 sibi
333 1527 533 1580 neocoratum
548 1512 736 1599 impetrasse,
748 1535 788 1576 an
802 1512 964 1577 credemus
978 1510 1110 1576 adivisse
1122 1510 1296 1598 periculum
1312 1537 1330 1576 a
1344 1535 1516 1577 successore

126 1617 319 1694 Alexandro,
331 1617 358 1682 si
368 1632 568 1682 neocoratum
578 1615 715 1703 principi
726 1615 895 1703 abrogavit,
908 1615 998 1700 cujus
1013 1639 1127 1681 nomen
1143 1640 1178 1682 ac
1189 1616 1371 1681 memoriam
1384 1615 1516 1682 Senatus

127 1747 168 1787 ex
182 1722 391 1790 monumentis
405 1721 539 1810 publicis
554 1721 671 1786 aboleri
681 1720 775 1807 jussit
784 1727 814 1784 ?’'

189 1827 366 1894 Fatendum
384 1841 439 1903 est,
459 1826 520 1892 hoc
539 1825 650 1914 posito,
670 1825 795 1913 penitus
813 1824 976 1890 concidere
996 1824 1148 1890 rationem
1167 1823 1279 1890 calculi
1299 1824 1337 1888 de
1358 1839 1448 1890 aetate
1467 1828 1514 1890 in-

128 1932 300 2020 scriptionis
323 1957 366 1998 ex
389 1956 519 1998 numero
543 1945 764 1998 neocoratuum
779 1932 812 1996 in
827 1955 865 1996 eo
888 1942 1139 1996 memoratorum.
1185 1929 1238 1996 Sic
1259 1935 1309 2014 (ut
1332 1932 1515 2019 exemplum

127 2042 291 2126 apponam)
307 2037 480 2126 appellatur
493 2036 627 2124 Smyrna
643 2039 799 2125 νεωκόρος
810 2035 843 2099 in
855 2034 948 2099 titulo
963 2059 981 2099 a
994 2058 1045 2098 me
1060 2033 1215 2119 relato(b),
1227 2046 1260 2100 et
1270 2033 1386 2100 exinde
1401 2035 1514 2122 collegi

125 2143 258 2231 lapidem
271 2145 366 2210 fuisse
379 2145 508 2211 Tiberio
519 2144 698 2232 imperatori
713 2159 914 2209 coaetaneum.
939 2141 996 2208 Sin
1010 2141 1045 2207 in
1056 2142 1151 2208 verba
1164 2150 1221 2209 τοῦ
1236 2142 1512 2229 νομισμοτολόγου

126 2250 249 2317 illustris
256 2252 406 2337 juremus,
420 2250 535 2340 poterit
544 2249 625 2314 illud
640 2252 797 2337 νεωκορός
812 2245 986 2335 significare
1002 2244 1054 2310 vel
1068 2244 1128 2323 dic,
1141 2244 1193 2309 vel
1203 2243 1297 2310 etiam
1311 2252 1381 2333 τρὶς
1393 2245 1514 2331 (quales

124 2382 154 2422 sc
168 2359 378 2447 predicabant
394 2356 563 2445 Smyrnaei)
581 2360 745 2441 νεωκόρος.
770 2353 871 2439 Atqui
887 2351 1107 2418 sciscitandum
1121 2364 1176 2427 est,
1193 2352 1349 2436 quomodo
1364 2376 1437 2418 eum
1451 2352 1511 2417 hoc

123 2463 234 2549 placito
257 2477 396 2529 constare
421 2476 522 2549 potest
545 2460 630 2546 quod
650 2459 819 2524 tradiderat
842 2481 905 2522 non
930 2457 974 2522 ita
988 2456 1110 2544 pridem
1134 2454 1183 2520 vir
1206 2456 1341 2522 eximius
1363 2457 1401 2522 de
1421 2473 1511 2524 aute

123 2575 184 2650 (ex.
196 2577 238 2652 c.)
254 2593 454 2634 nummorum
469 2569 700 2656 Ephesinorum
715 2592 757 2634 ex
772 2591 910 2644 numero,
927 2589 1020 2652 quem
1036 2566 1202 2642 declarant,
1217 2582 1439 2632 neocoratuum
1450 2573 1510 2650 ?(c)

184 2677 222 2740 In
246 2676 305 2741 hac
329 2676 470 2764 palaestra
487 2675 677 2762 jamdudum
700 2700 731 2740 se
756 2687 938 2740 exercuerat
960 2672 1185 2738 eruditissimus
1205 2670 1443 2754 Vandalius(d),
1468 2697 1509 2737 ex

123 2784 207 2868 cujus
223 2782 364 2848 doctrina
378 2807 472 2867 quarn
487 2782 630 2868 plurima,
646 2807 718 2848 cum
730 2783 834 2847 fructu
845 2781 1018 2868 legentium
1033 2807 1098 2847 non
1112 2780 1286 2868 spernendo
1300 2780 1508 2856 memoranda,

122 2889 216 2953 hausi.

182 2995 349 3060 Materiam
375 3008 495 3070 tractat,
521 2994 554 3057 in
580 2993 697 3080 primis,
724 2993 764 3058 de
790 2993 1009 3061 Sacerdotibus
1034 2993 1182 3069 neocoris,
1207 2993 1281 3057 dein
1304 2992 1344 3056 de
1359 2991 1507 3067 Urbibus,

120 3125 295 3186 earumque,
311 3116 463 3187 quatenus
478 3115 634 3188 spectatur
648 3101 810 3178 Neocoria,
826 3102 956 3190 origine.
992 3100 1147 3168 Statuitur
1162 3100 1306 3187 Ephesus
1321 3098 1421 3186 prima
1435 3100 1508 3163 urbs

119 3230 256 3282 neocora,
272 3231 385 3294 nempe
400 3206 520 3283 Dianae,
537 3231 605 3292 quae
620 3221 652 3273 et
669 3208 753 3296 apud
768 3208 984 3283 Massilienses,
1002 3207 1182 3281 Messenios,
1199 3204 1418 3292 Hierapolitas,
1435 3204 1507 3269 Cla-

120 3315 185 3391 rios,
202 3315 355 3402 Pergaeos
372 3314 573 3390 Prusaeenses,
594 3327 662 3390 etc,
682 3314 743 3378 fuit
765 3313 858 3379 culta.
904 3312 971 3378 Sub
991 3310 1173 3386 Cesaribus,
1194 3310 1333 3397 ipsorum
1348 3309 1505 3374 Caesarum

118 3419 230 3506 primos
250 3433 390 3507 tempore
409 3444 555 3485 neocoros
574 3420 667 3486 fuisse
682 3420 819 3498 Ilienses,
840 3434 873 3486 et
887 3417 1088 3485 Caesarienses
1107 3417 1140 3481 in
1155 3417 1336 3492 Palaestina3
1359 3415 1506 3502 deinceps

118 3528 339 3616 Pergamenos:
358 3528 424 3613 jam
448 3527 533 3604 olim,
553 3527 646 3594 fuisse
671 3543 761 3595 antea
778 3529 980 3618 Smymcnscs
1004 3538 1036 3591 et
1050 3523 1285 3590 Alabandenses
1308 3521 1438 3586 aedituos
1454 3528 1504 3603 (ut

117 3658 224 3701 vocem
239 3631 385 3698 Latinam
400 3632 579 3716 adhibeam)
595 3631 680 3698 urbis
696 3632 813 3696 Romae.
858 3629 952 3706 Dein,
968 3629 1008 3694 ad
1023 3627 1226 3715 quaestionem
1241 3626 1360 3693 accedit
1374 3625 1413 3691 de
1429 3649 1502 3690 con-

115 3738 306 3804 tentionibus
320 3735 483 3801 civitatum
498 3761 590 3825 super
604 3748 739 3824 πρωτεῖα
754 3736 836 3802 circa
850 3735 1017 3811 neocorias,
1029 3731 1199 3822 praesertim
1211 3732 1338 3820 Ephesi,
1351 3732 1501 3819 Smyrnae,

117 3845 269 3932 Pergami,
281 3857 313 3908 et
328 3841 512 3908 seutentiam
527 3841 654 3930 profert,
665 3842 750 3907 hunc
765 3841 932 3930 primatum
947 3865 1011 3905 nou
1026 3841 1066 3905 ad
1077 3838 1218 3905 ordinem
1233 3838 1379 3926 temporis
1394 3838 1448 3904 sed
1463 3840 1502 3904 ad

152 4080 198 4156 (a)
212 4081 313 4138 Doctr.
328 4079 364 4136 N.
380 4080 477 4156 Epicr.
492 4081 548 4136 vol.
564 4098 604 4138 rv.
619 4101 646 4156 p.
658 4083 724 4139 304.
829 4080 884 4136 rin.
900 4079 1047 4156 Supplem.
1064 4097 1093 4136 ra
1108 4099 1134 4154 p.
1147 4080 1192 4142 78.

151 4178 192 4255 (b)
207 4179 265 4237 Tit
277 4194 379 4234 xxvu.
397 4179 420 4234 l.
435 4197 462 4254 p.
476 4181 538 4237 105.
868 4176 914 4255 (d)
928 4179 1050 4237 Dissert·
1065 4195 1106 4236 rv.
1120 4197 1143 4238 c.
1159 4181 1183 4237 l.
1197 4197 1244 4253 pp.
1257 4179 1322 4242 299.
1338 4198 1374 4236 ss.

152 4276 191 4354 (c)
205 4279 306 4334 Doctr.
322 4276 358 4332 N.
372 4276 427 4334 vol.
443 4294 475 4333 11.
489 4295 536 4352 pp.
550 4278 618 4335 520.
634 4296 671 4344 s.;
693 4275 784 4333 Pelle-
