3788 5092
721 485 918 554 SMYRNA.

318 625 1235 733 li..sonuimusreportaremur

317 775 768 855 accommodos.

187 982 237 1048 De
254 982 440 1059 Neocorstn,
464 1005 507 1046 ex
524 979 587 1044 fide
611 1001 820 1053 nummorum,
847 975 955 1042 scribit
973 975 1210 1059 Eckhelius(b):
1233 983 1508 1044 ΟΜΥΡΝΑΙΩΝ.

122 1095 383 1156 ΝΕΩΚΟΡΩΝ.
403 1088 475 1150 inde
495 1109 515 1148 α
535 1085 686 1169 Trajano.
734 1083 800 1147 Sub
820 1083 1006 1146 Commodo:
1037 1090 1356 1151 Β.ΝΕΩΚΟΡΩΝ.
1373 1093 1403 1145 et
1415 1085 1508 1168 sorte

120 1197 179 1257 sab
194 1196 259 1270 loc,
277 1202 315 1261 Γ.
331 1196 590 1260 ΝΕΩΚΟΡΩΝ.
612 1189 652 1252 Ia
675 1192 775 1253 cumis
800 1189 976 1252 Caracallo
999 1199 1030 1252 et
1050 1188 1228 1252 Alexandri
1255 1189 1326 1253 Seu.
1351 1196 1390 1255 Γ.
1404 1195 1507 1256 ΝΕΩ-

122 1306 270 1368 ΚΟΡΩΝ
282 1351 288 1363 .
300 1305 532 1367 nnuman
544 1346 551 1361 .
565 1318 687 1383 nempe,
704 1294 803 1381 quslis
822 1307 869 1360 est
887 1317 1006 1360 numm.
1021 1294 1073 1360 cit.
1089 1319 1107 1360 a
1123 1294 1359 1382 Spsnhemio(c)
1374 1319 1416 1360 ex
1432 1295 1507 1361 Gau.

122 1404 200 1492 ch.
213 1403 323 1471 Gellio.
339 1405 374 1469 in
389 1428 451 1490 quo
466 1401 674 1492 praedicantur
689 1399 843 1489 Smyrnaei
858 1403 965 1464 Primi
979 1401 1067 1466 Arica
1076 1403 1291 1487 pulcritudine
1307 1413 1337 1466 et
1352 1407 1508 1489 muynitu-

125 1516 205 1576 diae.

187 1617 288 1704 Atqui
302 1617 495 1684 Vaillantius
517 1616 643 1682 initium
662 1616 738 1682 facit
754 1614 915 1682 Neoooriae
938 1640 1011 1682 cum
1030 1615 1221 1700 Tiberioffl).
1265 1615 1389 1702 Conjici
1409 1629 1511 1704 potest

125 1746 196 1787 sene
218 1722 262 1787 ita
284 1746 351 1788 rem
373 1721 466 1786 fuisse
489 1744 533 1786 ex
556 1719 778 1808 disceptatione
802 1719 841 1784 de
864 1719 981 1806 templo
1004 1719 1034 1784 ei
1058 1719 1213 1796 struendo,
1233 1718 1267 1784 in
1291 1743 1352 1805 qua
1374 1719 1509 1806 palmam

126 1825 263 1892 ferebant
279 1825 497 1914 Smymaei(e);
519 1848 655 1910 nomque
677 1822 722 1888 ita
740 1821 820 1888 foret
838 1822 972 1910 populus
996 1847 1038 1888 ex
1062 1823 1186 1888 decreto
1203 1822 1334 1889 Senatus
1348 1826 1509 1888 Neacorus

129 1933 276 2017 Araqusti.

188 2034 370 2102 Notandum
384 2057 458 2099 vero
473 2047 527 2110 est,
542 2033 601 2098 vix
614 2032 650 2097 in
663 2055 700 2097 ea
714 2055 764 2097 me
779 2055 903 2097 manere
924 2033 1075 2098 sententia
1090 2057 1184 2119 quam
1199 2035 1336 2123 expressi
1350 2035 1384 2099 in
1399 2049 1463 2100 not.
1483 2041 1508 2100 l.

164 2247 208 2325 (a)
222 2249 303 2307 Cous.
314 2248 401 2325 Spon.
413 2250 465 2307 ubi
479 2269 557 2325 supr.
568 2268 596 2326 p.
610 2249 677 2313 319.
839 2251 890 2324 τρὶς
905 2245 1014 2329 ewulm
1028 2251 1074 2305 τὸυ
1089 2252 1228 2315 tutareris.

164 2349 306 2419 Σίφιλητος
319 2347 381 2405 haec
394 2356 437 2406 est
451 2347 574 2406 Senatus
588 2347 794 2404 Romanorum.
878 2349 1047 2406 Notandum
1063 2370 1132 2408 vero
1150 2359 1193 2409 est
1211 2371 1268 2408 nou
1287 2369 1397 2427 semper
1411 2349 1446 2408 de
1460 2349 1509 2408 Se·

128 2448 243 2506 Titulus
261 2449 370 2525 optime
382 2447 512 2504 illustrat
526 2447 616 2503 Tacit.
630 2443 737 2503 Annal.
753 2463 794 2502 1v.
839 2455 912 2503 natu
925 2446 1052 2505 Romano
1070 2469 1086 2505 a
1101 2449 1207 2507 Graecis
1220 2450 1327 2508 dictam
1340 2451 1428 2507 fuisse
1442 2450 1509 2521 Σὺγ-

126 2543 171 2604 56.
197 2565 263 2602 nam
292 2544 447 2622 Smyrnaeis
473 2542 645 2619 permissum
671 2552 734 2600 erut
759 2551 796 2599 ut
839 2559 944 2618 κλητιν,
962 2545 1011 2604 sed
1024 2547 1060 2604 ed
1073 2549 1136 2623 ejus
1154 2551 1327 2626 exemplum,
1343 2550 1508 2608 deillomm

128 2644 231 2720 temple
249 2642 365 2700 Tiberio
385 2650 414 2698 et
428 2640 517 2697 Livia
537 2647 693 2708 struerent,
707 2638 796 2714 idque
838 2639 929 2698 Curia
940 2640 1052 2722 (Βουλῇ)
1062 2645 1108 2702 vel
1119 2644 1246 2715 Concilio,
1258 2656 1294 2704 ut
1304 2649 1408 2705 statuit
1419 2648 1509 2725 Span-

126 2742 238 2800 decreto
259 2741 393 2799 Senatus.
432 2739 532 2796 Verba
553 2738 693 2796 Historici
716 2747 793 2807 sunt,
838 2738 914 2796 hem.
929 2760 966 2798 ex
983 2761 1102 2800 nummo
1116 2743 1230 2822 Smyrn
1244 2745 1275 2802 in
1290 2747 1358 2804 Gau.
1373 2749 1507 2819 Medicea,

127 2845 165 2899 ita
174 2845 260 2920 royati
269 2841 433 2899 cenantium
442 2839 544 2897 Patres
551 2837 713 2915 Smyrnaeus
717 2857 796 2912 proe-
839 2837 957 2895 Discat.
973 2856 1015 2896 111.
1029 2859 1057 2916 p.
1070 2843 1131 2905 139.
1146 2851 1175 2898 et
1194 2861 1231 2900 ex
1251 2844 1331 2900 verb.
1343 2844 1372 2901 S.
1385 2844 1510 2924 Chryso-

127 2942 216 3000 τώγε.
841 2938 936 3006 stomi‚
947 2937 1055 2995 Hamil.
1073 2955 1162 2996 xx1v.
1177 2940 1291 3010 inlesi,
1306 2941 1359 2998 ubi
1373 2941 1512 3000 Senatum

165 3039 234 3097 Haec
247 3036 355 3113 templa
372 3035 592 3112 conspiciuntur
602 3035 633 3091 in
648 3053 727 3091 num.
744 3033 797 3092 Ca·
840 3035 1081 3094 Antiochensium
1095 3039 1287 3097 Oronteorum
1303 3041 1427 3116 appellat
1442 3039 1508 3112 Σίιγ-

127 3139 218 3195 recall.
233 3139 282 3194 cit.
296 3136 326 3193 h.
337 3136 357 3193 1.
839 3147 939 3196 utem

165 3234 310 3305 {tyanam
329 3232 491 3309 appellatiu
504 3231 633 3312 ἱερωτάτη·
645 3251 712 3288 nam
729 3251 796 3290 oon-
881 3232 952 3292 Hoec
964 3232 1095 3291 doctrina
1109 3233 1276 3310 Spanhemii
1293 3247 1344 3307 est,
1360 3257 1450 3313 quam*
1464 3257 1508 3296 re·

128 3341 183 3389 stat
200 3352 236 3390 ex
251 3331 352 3389 Tacito
366 3328 485 3410 (Aunul.
501 3347 541 3387 ιν.
565 3331 609 3388 15.
625 3327 687 3405 37.)
700 3329 796 3388 decre-
840 3328 939 3388 fellere
951 3339 1046 3388 tamen
1060 3341 1181 3390 conatur
1194 3333 1351 3392 Eckhelius
1364 3337 1396 3393 in
1409 3356 1467 3413 cep.
1483 3340 1506 3394 l.

128 3433 199 3490 visse
218 3432 296 3489 Asiae
319 3431 407 3487 urbes
429 3428 571 3504 templum
591 3427 714 3496 liberio,
734 3427 794 3484 Me·
839 3429 1046 3506 deMagistmt.
1059 3431 1128 3508 (vol.
1143 3449 1184 3490 1v.
1198 3453 1245 3510 pp.
1260 3437 1323 3499 190.
1339 3435 1419 3512 225.)
1452 3436 1508 3495 Sed

129 3533 222 3608 tuique
245 3531 317 3605 ejus,
342 3549 374 3586 ac
393 3527 527 3586 Senatui:
548 3527 660 3583 nummi
682 3545 797 3602 quoque
839 3530 911 3586 conf.
927 3529 1042 3587 Boeckln
1058 3530 1124 3588 cI.
1139 3551 1166 3589 n
1179 3532 1263 3596 2926.
1283 3544 1312 3591 et
1326 3535 1446 3592 Gruteri
1459 3537 1507 3592 In·

129 3631 347 3712 smyrnensium
369 3630 417 3687 cit
439 3630 475 3686 ab
495 3627 641 3695 Eckhelio‚
656 3626 712 3684 vol.
722 3643 752 3683 u
766 3646 794 3702 p.
839 3628 951 3704 scriptt.
967 3645 1051 3686 cccc.
1067 3631 1092 3686 8.
1108 3647 1205 3688 cccci
1221 3633 1243 3688 l.
1258 3632 1305 3689 cit
1320 3653 1336 3689 a
1349 3634 1411 3691 viro
1424 3634 1508 3693 docto

128 3732 192 3794 547.
203 3751 255 3789 nos
268 3730 388 3788 edocent
398 3728 475 3804 quod
485 3727 562 3804 apud
572 3727 637 3784 illos
647 3727 693 3784 dei
702 3725 797 3783 habiti
838 3727 974 3785 Wienero
987 3728 1018 3784 in
1032 3729 1164 3805 Append.
1179 3727 1245 3807 (A.)
1259 3732 1385 3790 Fellows.
1405 3734 1460 3791 vol.
1477 3750 1506 3792 11.

128 3829 206 3888 fuere
220 3832 318 3898 Roma,
339 3829 471 3897 Senatus,
487 3827 630 3885 Tiberius.
664 3826 799 3883 Illustrat
840 3846 868 3902 p.
880 3831 946 3886 330.
1115 3845 1116 3848 ’

128 3927 179 3986 hoc
197 3940 227 3987 et
240 3929 393 3987 discrimen
411 3930 521 3986 factum
540 3928 572 3984 in
585 3927 688 3984 Meum.
704 3926 797 3984 Oxou.
879 3924 920 4002 (5)
935 3925 1016 3984 Cous.
1030 3926 1086 3984 vol.
1098 3943 1138 3985 lv.
1152 3947 1179 4004 p.
1189 3931 1263 3999 293,
1278 3947 1309 3987 11.
1324 3929 1391 3990 556.

129 4023 275 4102 (Chnudl.)
298 4025 355 4083 Tit
375 4042 474 4082 xxxv.
495 4043 523 4081 v.
537 4026 584 4084 35.
608 4043 636 4100 p.
650 4022 697 4086 73
719 4023 796 4080 inter
879 4022 919 4102 (c)
934 4025 1054 4083 Dissert
1066 4043 1107 4083 tx.
1121 4046 1148 4102 p.
1159 4026 1224 4086 648.

128 4129 232 4194 Beati»,
245 4125 385 4182 Senatum
395 4123 607 4200 Municipulem‚
624 4131 654 4180 et
666 4121 796 4202 liparim
877 4123 923 4202 (d)
934 4124 1014 4182 Conl.
1025 4125 1170 4183 Numism.
1185 4137 1230 4184 etc.
1245 4127 1293 4185 cit
1307 4147 1385 4206 supr.
1400 4131 1430 4187 in
1448 4141 1506 4188 not.

128 4225 283 4295 Σίηιλητιι,
302 4243 353 4299 per
370 4223 455 4297 cujus
469 4221 617 4279 decretum
631 4221 680 4297 (ut
698 4230 729 4278 et
746 4239 796 4277 uo-
839 4219 875 4277 ed
890 4223 934 4278 tit
950 4239 1016 4279 xix.
1030 4241 1058 4278 v.
1073 4225 1115 4280 10.
1130 4243 1156 4299 p.
1167 4225 1213 4281 st.

128 4325 201 4381 tavit
216 4321 409 4400 Chandlerus)
428 4321 587 4380 constitute
600 4320 658 4377 luit
672 4320 798 4398 Smyrna
879 4320 920 4396 (e)
932 4321 1021 4380 Tacit.
1035 4321 1143 4380 Annal.
1158 4341 1199 4382 ιν.
1213 4321 1261 4385 56.
