3788 5092
308 158 366 219 154
733 125 1014 219 scoriarum
1036 149 1276 218 soranum.
1386 115 1400 120 ‘'

1806 252 1856 270 ..h

305 327 380 392 inde
396 325 576 404 absolutius,
587 324 770 414 perlegenti,
786 323 1044 391 commentarium
1059 346 1166 390 meum
1180 323 1468 412 explicationesque
1479 323 1514 389 in
1529 347 1582 414 pp.
1593 325 1707 390 46-51.

305 438 340 502 in
356 437 432 503 locis
447 461 540 524 quam
555 436 697 524 plurimis
716 436 887 525 refingere:
909 437 964 503 sed
978 436 1091 503 melius
1105 436 1208 502 visum
1223 437 1258 501 in
1271 437 1331 502 hac
1349 449 1382 503 et
1393 436 1549 502 consimili
1564 437 1707 514 materia,

307 543 407 630 qualis
422 568 454 610 se
468 544 560 610 toties
573 544 608 609 in
618 544 740 611 lubrico
755 544 926 610 admodum
937 544 1116 622 tentamine,
1129 565 1265 630 vereque
1281 549 1488 631 στοχαστικῷ,
1501 541 1600 620 offert,
1617 541 1708 630 cogi-

307 651 440 717 tationes
454 675 538 717 meas
551 675 648 716 novas
662 650 957 737 emendationesque
972 651 1006 715 in
1017 651 1171 717 Auctario
1186 649 1226 716 ad
1239 649 1321 715 hano
1340 672 1407 716 rem
1421 649 1575 716 destinato
1590 672 1708 736 propo-

307 781 390 824 nere.
435 757 558 823 Idcirco
573 757 687 822 Varias
702 755 876 835 Lectiones,
900 781 964 822 uns
989 781 1061 824 cum
1084 751 1390 844 corpore'notarum,
1415 780 1491 843 quas
1513 779 1570 844 per
1591 755 1709 820 itinera

308 862 479 928 maximam
494 875 615 950 partem
630 860 808 948 conscripsi,
822 860 858 924 in
872 884 910 926 eo
924 859 1039 927 iterum
1054 861 1285 949 pertractandas
1300 862 1430 951 suscepi.

373 968 436 1034 Sed
452 968 553 1034 obiter
566 967 642 1034 haec.
686 966 781 1034 Nunc
796 967 925 1035 schedas
939 968 1216 1056 Peysouuellianas
1231 969 1437 1036 excutiamus.

373 1075 413 1139 In
427 1072 544 1161 primis,
561 1074 655 1140 obvia
668 1073 806 1141 Nomina
820 1075 954 1164 propria,
971 1075 1126 1142 Patricius
1139 1075 1174 1141 in
1188 1101 1219 1141 v.
1231 1082 1261 1155 3,
1277 1076 1467 1142 Aurelianus
1482 1075 1516 1140 in
1530 1100 1561 1141 v.
1574 1077 1603 1145 7.
1620 1077 1705 1154 dein,

308 1180 488 1246 Histrianus
498 1180 533 1245 in
544 1185 584 1256 9.,
596 1193 637 1258 et,
648 1180 682 1245 in
693 1206 730 1248 ea
739 1193 828 1270 parte
840 1181 925 1248 tituli
935 1201 1004 1269 quse
1009 1181 1199 1269 jamdudum
1209 1203 1251 1250 ex
1262 1207 1415 1250 mamone
1430 1181 1567 1260 evanuit,
1579 1206 1705 1271 nempe,

307 1288 341 1352 in
352 1287 516 1354 intervallo
532 1293 626 1354 13-14
639 1289 673 1355 in
687 1311 759 1356 meo
770 1291 959 1380 apographo,
971 1315 1087 1358 nomen
1097 1290 1332 1380 imperatorium
1344 1290 1468 1368 Leonis,
1480 1289 1535 1377 qui
1547 1285 1707 1377 Magnum

308 1391 438 1458 audivit.
483 1393 579 1462 Hisce
594 1395 671 1462 fides
686 1397 815 1476 eocedn,
832 1399 917 1485 quod
932 1399 966 1464 in
981 1424 1011 1465 v.
1023 1405 1054 1466 6.
1070 1399 1196 1466 videtur
1210 1399 1326 1488 apponi
1340 1421 1488 1464 numerus
1507 1397 1581 1463 anni
1596 1397 1707 1462 Indic-

308 1499 410 1564 tionis.
455 1499 528 1567 Hoc
550 1501 654 1589 ipsum
679 1503 833 1590 epocham
852 1503 1063 1570 Christianam
1089 1504 1191 1570 refert.
1237 1503 1301 1570 Sed
1328 1504 1405 1591 quid
1427 1504 1467 1569 de
1488 1503 1630 1592 epitheto
1655 1503 1707 1582 δὶς

310 1609 475 1694 νεωκόρων
489 1606 524 1670 in
543 1606 654 1674 eodem
674 1631 767 1674 versu
781 1607 974 1675 dicendum?
1018 1610 1128 1678 Officit
1150 1633 1258 1676 revera
1272 1610 1358 1696 quod
1371 1610 1406 1675 in
1429 1610 1541 1677 saeculo
1556 1608 1708 1676 Thracici

308 1713 419 1779 titulus
436 1714 617 1800 hujusmodi
632 1715 733 1782 fuerat
749 1716 908 1783 Sardianis
926 1717 1102 1806 permissus,
1122 1717 1281 1804 fateorque
1299 1715 1360 1783 hoc
1378 1716 1481 1804 ipsum
1500 1737 1550 1782 me
1570 1715 1707 1781 movisse

307 1820 341 1884 in
357 1818 474 1907 primis,
486 1820 563 1886 dum
577 1821 763 1910 epigraphes
777 1825 917 1890 membra
930 1823 1068 1891 invicem
1083 1837 1189 1912 aptare
1203 1825 1346 1901 conabar,
1362 1835 1398 1888 ut
1409 1822 1448 1888 de
1463 1820 1617 1888 anteriore
1629 1845 1708 1908 qua·

309 1925 381 1990 dam
400 1939 499 2003 setam,
516 1925 623 2012 quales
641 1939 730 1993 erant
744 1927 899 1994 Hadriani
915 1928 966 1994 vel
979 1928 1224 2006 Antoninorum,
1240 1929 1470 2018 cogitarem(a),
1485 1926 1616 1993 minime
1632 1951 1709 1994 vero

311 2031 350 2096 de
366 2030 553 2097 Christiana.

374 2136 499 2204 Nomen
518 2151 600 2204 certe
616 2137 770 2204 Patricius
789 2140 870 2206 bene
889 2163 963 2206 cum
986 2153 1076 2206 aetate
1099 2140 1207 2230 magni
1221 2140 1422 2230 Imperatoris
1440 2140 1584 2207 cohaeret.
1629 2139 1710 2206 Erat

311 2267 424 2331 nempe
438 2245 593 2312 Patricius
610 2244 781 2324 Secundus,
801 2247 884 2313 filius
898 2247 1029 2336 Asparis
1048 2261 1126 2315 natu
1145 2249 1311 2326 maximus,
1334 2249 1388 2316 cui
1410 2248 1600 2315 simultatem
1616 2247 1708 2314 dissi·

311 2347 434 2413 mulsns
449 2348 515 2414 Leo
530 2348 627 2414 filiam
642 2349 675 2414 in
696 2350 931 2417 matrimonium
946 2352 1082 2430 dederat,
1103 2367 1211 2442 postea
1233 2377 1308 2420 vero
1331 2366 1463 2420 mortem
1486 2353 1706 2420 intentaverat.

312 2452 392 2518 Haec
411 2477 454 2519 ex
477 2453 597 2520 collatis
612 2454 732 2519 Zonara
751 2468 784 2520 et
797 2455 977 2544 Nicephoro
1000 2457 1225 2543 edocemur(b).
1270 2459 1334 2526 Sed
1358 2459 1397 2525 de
1419 2459 1519 2549 patria
1533 2459 1601 2545 ejus
1624 2459 1708 2525 nihil

311 2559 440 2626 invenio
455 2561 575 2628 dictum
590 2561 624 2626 in
639 2563 818 2651 apographo
833 2565 1111 2653 Peysonnellian03
1133 2589 1192 2633 nec
1207 2566 1246 2632 de
1260 2564 1326 2631 filia
1345 2565 1422 2652 ejus,
1437 2564 1583 2632 Patricia.
1627 2565 1707 2630 Pro-

312 2665 489 2732 consulatus
504 2689 578 2733 vero
598 2681 794 2745 memoratur,
810 2681 898 2735 etex
917 2691 1002 2756 seqq.
1017 2669 1155 2736 eruimus
1174 2693 1239 2734 non
1254 2673 1475 2756 Λαμψακηνοῦ,
1490 2669 1546 2736 sed
1560 2669 1707 2758 λαμπρο·

312 2777 417 2842 advos.
463 2771 556 2840 Certe
567 2773 672 2860 Aspar
686 2771 825 2838 nonfuit
839 2797 882 2838 ex
897 2772 1086 2862 Lampsaeo;
1109 2773 1248 2853 Geticus,
1264 2789 1380 2853 conus,
1396 2773 1447 2841 vel
1461 2774 1593 2840 Alanus.
1637 2772 1709 2840 Nec

313 2879 348 2943 in
367 2879 504 2944 nummis
519 2877 738 2967 Lampsacenis
760 2876 893 2966 vestigia
915 2877 980 2944 ulla
1002 2878 1054 2945 vel
1068 2879 1204 2944 nominis
1227 2879 1278 2946 vel
1296 2879 1493 2969 magistratus
1513 2879 1651 2960 invenio,
1672 2893 1710 2946 ut

316 3097 442 3173 torique,
457 3105 504 3154 ete.
518 3114 545 3172 p.
557 3093 624 3154 346.
1037 3094 1210 3164 Cedrenum,
1233 3095 1268 3152 de
1291 3113 1366 3152 anno
1389 3101 1449 3152 111⁰
1473 3093 1545 3171 Imp.
1567 3095 1656 3152 Leon.
1677 3103 1708 3152 et
1806 3089 1815 3096 ”

358 3192 403 3271 (a)
417 3192 486 3251 Vid.
501 3193 530 3250 N
531 3200 569 3250 ot.
584 3192 643 3248 Tit.
656 3207 721 3250 vnn
735 3207 762 3247 v.
777 3187 804 3248 6.
819 3207 847 3265 p.
862 3189 910 3252 47.
935 3187 991 3245 At·
1036 3189 1201 3266 Theophan.
1214 3191 1246 3249 in
1259 3199 1319 3250 not.
1333 3192 1451 3251 Valerii.
1462 3193 1498 3250 ad
1507 3193 1614 3270 Evagr.
1625 3193 1707 3270 p-74.

317 3293 369 3368 qui
382 3293 552 3350 dubitanter
566 3289 739 3348 senteutiam
752 3289 887 3364 expressi,
899 3306 992 3363 quum
1036 3295 1065 3345 B.
1106 3286 1248 3345 Memorat
1261 3287 1405 3365 Evagrius
1424 3289 1454 3347 in
1473 3290 1531 3347 lc
1546 3290 1709 3350 Patricium

317 3392 470 3450 literarum
483 3391 581 3448 forme
601 3408 668 3447 cum
681 3389 717 3445 iis
730 3387 853 3462 hujusce
867 3387 921 3445 aeri
934 3405 993 3444 non
1035 3385 1125 3444 fuisse
1143 3405 1159 3444 a
1177 3389 1273 3446 Leone
1287 3389 1428 3446 Cererem
1448 3398 1587 3458 creatum,
1602 3398 1639 3447 ut
1653 3389 1709 3447 As·
1784 3423 1785 3426 =

318 3490 498 3550 conveniant
539 3489 634 3548 Menti
648 3505 715 3546 saue
728 3488 879 3545 obversata
890 3505 993 3544 monu—
1035 3486 1113 3562 paris
1125 3487 1355 3545 benevolentiam
1369 3486 1426 3545 sibi
1438 3496 1625 3564 compararet.
1646 3485 1711 3544 Hoc

319 3599 416 3648 menta
426 3610 491 3667 quae
498 3589 529 3647 in
537 3589 675 3647 honorem
684 3587 795 3646 Tiberii
805 3597 834 3646 et
843 3587 890 3644 Pii
899 3585 994 3645 adhuc
1036 3593 1099 3643 erat
1111 3585 1143 3642 in
1153 3605 1227 3643 anuo
1241 3593 1302 3644 111⁰
1316 3586 1408 3662 regni,
1420 3595 1456 3644 ut
1465 3594 1564 3644 monet
1573 3585 1711 3644 Petarius

320 3687 351 3744 in
369 3705 433 3744 arce
447 3686 585 3744 Sardiano
602 3691 713 3744 exunt
753 3684 822 3742 Vid.
836 3684 903 3742 infr.
919 3684 992 3742 Titt.
1037 3684 1068 3741 in
1081 3683 1257 3754 Bodoaurio,
1273 3684 1383 3762 p.297.‚
1395 3703 1432 3743 ex
1441 3685 1579 3756 cedreno,
1594 3693 1625 3743 et
1635 3685 1668 3742 P.
1678 3685 1710 3744 C.
1763 3681 1765 3686 ’

321 3779 378 3860 (b.)
393 3781 443 3859 (c)
1036 3781 1105 3842 468.
1127 3783 1370 3841 Proconsulatum
1382 3783 1502 3860 gessisse
1515 3783 1598 3842 annis
1611 3801 1713 3842 novem

360 3880 403 3959 (h)
418 3882 517 3958 Comp.
537 3881 566 3938 N
568 3879 659 3958 icepla
679 3897 732 3938 xv.
748 3879 794 3944 27.
813 3899 841 3958 p.
856 3877 922 3942 373.
943 3881 995 3938 Zo-
1037 3887 1123 3938 antea
1135 3879 1253 3938 videtur
1264 3879 1410 3938 Patricius
1423 3879 1453 3937 iu
1468 3881 1513 3940 tit.
1527 3891 1710 3949 memoratus

320 4001 381 4040 nar.
395 4000 423 4058 p.
440 3983 502 4049 39.;
522 3980 631 4057 Evsgr.
650 3979 726 4038 noer.
744 3979 819 4040 Hr'st
838 3997 870 4038 11.
888 3979 932 4039 16.
947 3979 996 4051 C.;
1039 3988 1075 4038 ut
1089 3979 1240 4057 apparebit
1251 3979 1335 4050 infra,
1350 3999 1377 4058 p.
1391 3979 1455 4042 157.
