3818 5094
358 501 398 567 to
771 495 1120 564 INSCRIPTIONES
1145 497 1335 564 GRAECAE.
1561 501 1683 582 [mssa.
1700 519 1752 564 xv.

310 692 356 758 10
385 671 437 757 ὧν
456 672 499 758 τὸ
517 673 587 775 μὲν
605 677 732 781 ἕτερον
751 677 858 778 ε’τέθη
879 683 930 762 eir
948 674 991 758 τὸ
1013 679 1176 782 ἀρχεῖον.
1198 675 1343 779 ἐγένετο
1364 678 1404 757 ἐν
1423 679 1470 782 τῇ
1489 676 1742 783 λαμπροτάτῃ

387 815 640 913 θοατειρηοῶιιΙ
652 806 776 908 πόλει,
796 806 994 916 ἀνθυπάτῳ
1014 810 1195 916 κατιλλίῳ
1213 808 1379 916 σεβήρῳ,
1398 808 1516 911 μηνὸς
1535 813 1686 891 αὐδναι-

858 1035 1000 1094 VARIAE
1021 1035 1254 1096 LECTIONES.

424 1156 606 1222 Formulam
627 1156 689 1221 ὑπὸ
711 1155 889 1242 μηνοφῖλου
903 1154 1041 1242 primum
1056 1155 1162 1231 habui,
1185 1155 1240 1220 sed
1255 1155 1340 1243 quod
1355 1156 1428 1222 dedi
1444 1171 1583 1244 praestat:
1606 1181 1649 1222 sc.
1664 1160 1755 1243 apud

360 1247 411 1310 M.
423 1247 458 1311 J.
470 1245 613 1308 scribam.
628 1263 677 1327 cp.
688 1239 807 1305 Herod.
819 1261 863 1305 vr.
874 1246 925 1305 82.
970 1240 1126 1328 Congruit
1140 1255 1172 1305 et
1186 1264 1292 1307 sensus
1305 1245 1372 1319 snb,
1389 1243 1506 1330 quippe
1521 1241 1555 1306 in
1569 1267 1602 1308 re
1618 1244 1659 1308 ad
1674 1244 1752 1309 civi·

358 1331 431 1396 tutis
449 1343 569 1418 regesta
587 1339 754 1476 spectante.
799 1326 925 1391 Dicitur
939 1327 1002 1391 fere
1022 1345 1058 1391 ut
1076 1327 1110 1391 in
1125 1326 1239 1392 forensi
1253 1353 1311 1393 usu
1326 1331 1388 1396 ὑπό
1404 1335 1470 1397 ἐπιτ
1492 1334 1612 1406 inova.
1628 1379 1635 1392 .
1650 1381 1656 1393 .
1669 1336 1753 1397 οἰκο·

359 1421 488 1502 νόμους,
504 1415 538 1479 in
553 1413 603 1478 Ga
614 1427 654 1477 at.
670 1433 714 1477 Ν.
731 1417 760 1476 2.
776 1411 828 1477 vel
846 1412 941 1477 etium
960 1425 996 1476 ut
1014 1413 1049 1476 in
1065 1412 1165 1500 Epist.
1184 1413 1215 1478 S.
1232 1413 1334 1502 Ignat.
1350 1413 1390 1480 ad
1406 1359 1524 1480 Eccies.
1543 1415 1669 1502 Smyrn.
1685 1421 1715 1481 8.
1733 1421 1752 1494 ἡ

359 1507 421 1572 ὑπὸ
436 1499 787 1652 τὸῖἰέπίσίιοτονξὶοῦσα.
834 1499 967 1564 Diversa
981 1498 1073 1587 plane
1088 1523 1136 1565 res
1150 1499 1230 1564 foret
1244 1503 1306 1570 ὑπὸ
1321 1507 1514 1589 μηνοφίλου,
1529 1515 1566 1565 ut
1580 1505 1643 1569 ὑπὸ
1659 1510 1755 1589 κήρυ-

360 1621 397 1658 κα
431 1588 465 1653 in
515 1606 662 1652 ero.1x.
696 1591 725 1648 8.

399 1620 605 1740 cClausulam
629 1685 730 1735 vertas
744 1669 897 1757 Anglice:
920 1673 1014 1738 Dona
1030 1674 1062 1734 in
1078 1673 1130 1734 tte
1149 1684 1228 1737 mort
1243 1673 1416 1738 illustrioris
1436 1678 1499 1760 city
1520 1675 1561 1758 os
1570 1675 1622 1737 tlte
1642 1675 1753 1761 Thya·

360 1767 484 1837 tirones,
499 1762 614 1844 durinp
635 1759 688 1820 tlte
697 1759 937 1841 proconsntrln'p
957 1760 1000 1841 of
1015 1759 1151 1821 Catilius
1169 1759 1313 1836 Severus,
1333 1783 1371 1823 on
1388 1761 1440 1822 tte
1456 1762 1625 1823 enatant
1647 1764 1691 1846 of
1700 1764 1753 1824 tlte

359 1849 462 1912 monti:
478 1846 663 1910 Andnans:
678 1845 718 1930 ty
733 1845 896 1930 authority
911 1845 953 1928 of
964 1845 1169 1928 Menophilus
1184 1847 1346 1922 Julianus,
1356 1847 1466 1930 public
1481 1848 1666 1932 Repirtrar.

624 2057 944 2116 ANNOTATIONES
966 2057 1139 2116 CRITICAE
1160 2059 1213 2117 ΕΤ
1233 2059 1483 2119 EXEGETICAE.

359 2188 417 2240 ant
437 2178 607 2241 colamnam
628 2177 767 2253 violarit,
787 2179 943 2262 dejecerit,
957 2177 1032 2262 fre·
1076 2189 1183 2265 postea
1197 2177 1231 2242 in
1242 2177 1334 2266 Syria
1348 2177 1450 2265 gessit,
1466 2177 1638 2264 consulque
1652 2178 1754 2244 sactus

356 2289 454 2372 perit.
1077 2296 1123 2349 est
1146 2297 1207 2350 tres
1233 2309 1328 2350 annos
1354 2300 1425 2372 post
1453 2309 1525 2350 cum
1553 2285 1592 2349 T.
1616 2285 1752 2350 Aurelio

407 2394 454 2453 10.
476 2385 637 2476 Ἀρχεῖον.
663 2388 774 2451 Curia.
820 2381 873 2448 Sic
898 2382 932 2447 in
955 2382 1034 2447 Dio·
1077 2389 1196 2454 Fulvo:
1219 2391 1287 2468 hoc,
1301 2405 1451 2479 regnante
1466 2390 1640 2466 Hadriano,
1656 2393 1700 2456 A.
1711 2391 1752 2457 U.

361 2495 674 2571 doro,xv111.65.tx
693 2491 725 2560 δὲ
745 2495 810 2558 τῶν
828 2487 1033 2575 δημοτικωτᾶ·
1078 2497 1203 2563 (1873.
1248 2497 1298 2561 De
1324 2521 1362 2562 eo
1385 2495 1493 2562 scribit
1514 2495 1698 2583 Spartianus
1718 2497 1751 2561 in

360 2629 425 2667 των
448 2600 485 2664 τὰ
502 2597 614 2686 ἀρχεῖα
637 2601 844 2675 καταστήσας.
889 2595 1035 2662 Vertitur
1078 2599 1230 2664 Hadrian.
1255 2621 1346 2664 xx1v.
1375 2600 1528 2684 Antonini
1552 2604 1751 2685 adoptionem

353 2709 466 2790 soram
496 2706 547 2770 vel
576 2709 667 2768 curia
692 2703 726 2768 in
750 2701 913 2766 Demosth.
936 2713 1034 2766 contr.
1071 2708 1207 2791 plurimi
1237 2717 1301 2769 tum
1316 2707 1445 2790 factam
1478 2729 1544 2768 esse
1562 2707 1751 2769 dolueram:

361 2813 506 2896 Philipp.
519 2831 563 2875 1v.
579 2834 609 2897 p.
627 2815 696 2874 145.
712 2813 759 2873 15.
775 2810 813 2874 τὰ
834 2809 907 2894 παρ’
930 2807 1034 2876 οὐδέσι
1076 2815 1239 2896 speciatim
1257 2813 1393 2876 Catilius
1415 2813 1559 2886 Severus,
1574 2815 1751 2896 prafectns

361 2920 482 2984 τούτων
497 2917 609 3004 ἆρχεῐα
631 2922 679 2984 καὶ
694 2915 909 3004 βουλευτήρια
923 2916 1034 3001 ἐρημό-
1077 2920 1174 2995 urbis,
1189 2921 1246 3004 qai
1266 2920 1327 2982 nti
1335 2919 1546 3003 praeparabat
1562 2921 1752 3003 imperinm:

361 3051 433 3108 τερα
458 3022 498 3088 ἄν
524 3049 571 3097 τις
595 3017 771 3096 'iias-...ri
793 3021 830 3084 τὰ
855 3023 929 3105 παρ’
951 3021 1033 3101 ὑμῖν.
1078 3047 1141 3110 qua
1176 3027 1371 3110 reperdita,
1403 3048 1577 3088 successore
1612 3037 1752 3111 accepta,

363 3126 514 3191 Reddunt
529 3149 653 3211 quoque
672 3125 880 3211 mapistratnr
904 3128 1034 3199 cariam,
1077 3129 1234 3212 dipnitate
1243 3131 1393 3212 privatur
1408 3138 1464 3190 est.

363 3233 414 3298 vel
425 3234 591 3310 tribunale,
602 3232 772 3297 secundum
784 3230 914 3296 Suidam
924 3229 958 3293 in
967 3253 1034 3295 voc.
1121 3235 1206 3297 ltin.
1225 3232 1383 3300 Αὐδναίοο
1397 3263 1495 3320 τρισκ.
1518 3233 1582 3298 hc.
1593 3233 1677 3300 Non.
1689 3235 1753 3300 De-

363 3342 506 3429 ἆρχεῖου.
538 3338 679 3415 Necnon,
696 3337 781 3424 quod
795 3351 861 3402 crat
875 3336 1035 3401 usitatissi·
1078 3337 1194 3401 cembr.
1218 3337 1389 3402 secundum
1413 3357 1595 3425 computum
1611 3339 1753 3407 Usserin-

362 3469 460 3522 mum,
485 3446 704 3521 Tabularinm,
729 3442 803 3512 ἔνθα
833 3447 863 3510 οἱ
894 3440 1037 3526 δημόσιοι
1079 3465 1165 3520 num,
1196 3445 1265 3525 (De
1295 3467 1375 3507 anno
1403 3446 1503 3508 solari
1529 3447 1752 3524 Macedonum,

365 3556 478 3640 χάρται
503 3553 688 3626 ἀπόκεινται,
713 3557 762 3616 καὶ
790 3548 1035 3637 χαρτοφυλᾶκια.
1080 3549 1164 3636 apud
1179 3547 1318 3614 Gronov.
1339 3551 1399 3614 ΤΙι.
1419 3553 1479 3616 Gr.
1491 3551 1623 3638 Antiqq.
1634 3559 1705 3636 XL),
1722 3571 1755 3620 at

366 3655 455 3721 Suid.
471 3655 612 3743 Hesych.
628 3654 705 3719 Vid.
724 3653 842 3720 Suicer.
858 3676 880 3718 1.
896 3677 927 3741 p.
944 3659 1035 3731 524.;
1079 3653 1139 3719 hoc
1159 3653 1328 3720 incertum:
1351 3655 1385 3720 in
1401 3655 1480 3721 Tab.
1498 3659 1553 3725 7¹⁰⁸
1567 3656 1685 3723 Ideleri
1704 3685 1752 3726 re-

365 3764 424 3851 Op.
449 3763 741 3829 Chandler.1nscr.
766 3783 787 3826 1.
813 3766 865 3829 59.
889 3761 923 3826 in
948 3760 1036 3826 Rasii
1079 3760 1234 3848 spondent
1269 3761 1426 3849 αὐδυοαίῳ
1463 3776 1495 3827 et
1525 3764 1752 3830 Anthesterion

364 3871 465 3933 Inscr.
484 3872 544 3935 Gr.
559 3871 590 3934 V
587 3879 679 3932 etnst.
695 3892 724 3954 p.
741 3873 810 3935 193.
1080 3865 1302 3950 (Febr-Mart.)
1322 3883 1354 3933 ct
1372 3868 1547 3933 Poseideon
1566 3869 1752 3954 (Ine-tan.)

412 3980 459 4038 ll.
478 3975 648 4062 Κατιλλῖῳ.
671 3974 721 4038 De
732 3973 793 4039 hoc
804 3972 873 4037 viro
885 3972 1035 4060 chion.
1079 3973 1332 4051 Atheniensium,
1348 3988 1441 4062 prout
1452 3975 1594 4062 Philippi
1609 3976 1662 4042 vel
1676 3978 1753 4043 Plu-

366 4079 455 4141 Hist.
471 4096 559 4140 mx.
579 4082 626 4141 14.
646 4075 702 4142 ubi
722 4075 827 4140 missio
847 4077 914 4162 ejus
932 4077 966 4140 in
981 4077 1036 4140 Bi·
1079 4079 1179 4145 ‘serchi
1193 4079 1328 4145 rationes
1342 4105 1516 4167 sequamur.
1543 4081 1620 4147 Vid.
1632 4085 1752 4149 Enchi·

366 4184 509 4272 thyniem
532 4197 729 4260 memoratur,
745 4182 875 4269 justitiae
891 4207 982 4270 porro
1005 4197 1037 4248 et
1080 4188 1140 4248 rid.
1154 4186 1257 4250 Grac.
1271 4183 1420 4262 Passovii,
1436 4184 1488 4250 cit.
1501 4208 1583 4273 supr.
1596 4185 1630 4250 in
1645 4190 1753 4256 noted

364 4285 539 4376 prudentiae
575 4285 723 4375 elogium.
778 4287 1037 4354 Proconsulatum
1081 4286 1225 4376 Inscript.
1240 4308 1262 4351 1.
1274 4291 1305 4356 9.
