3788 5092
409 475 467 538 166
828 470 1109 539 AUOTARIUM
1131 472 1371 539 NOTARUM.

407 644 594 730 dignitatem
609 643 774 710 civitatum
788 645 982 732 spectavisse,
998 646 1327 732 comprobationesque
1341 669 1383 711 ex
1398 645 1535 710 nummis
1550 645 1649 711 affert.
1673 646 1808 712 Claudit

406 751 488 816 hanc
503 763 623 838 partem
648 749 749 838 operis
764 748 948 814 Dissertatio
968 747 1008 814 de
1027 747 1208 815 civitatibus
1221 749 1279 825 bis,
1294 761 1350 826 ter,
1366 759 1514 834 quaterve
1534 750 1691 826 neocoris;
1712 773 1808 838 argu-

409 870 551 924 mentum
575 857 735 945 spinosum
757 879 839 933 sane,
859 867 896 921 ut
918 879 961 921 ex
986 866 1058 922 ante
1074 854 1165 920 dictis
1188 855 1335 943 colligere
1349 867 1480 943 possunt
1492 855 1640 944 legentes
1687 855 1808 922 Statuit

409 962 593 1040 Vandalius,
609 963 701 1028 urbes
716 960 810 1027 fuisse
825 959 928 1038 semel,
944 960 1001 1038 bis,
1015 975 1071 1038 ter,
1088 975 1236 1048 quaterve
1252 963 1419 1042 Caesarum,
1435 964 1654 1054 Augustorum
1667 965 1721 1033 vel
1736 968 1807 1032 Au-

412 1081 581 1156 gustarum,
591 1091 746 1145 neocoras,
758 1079 853 1155 prout
861 1079 916 1132 aut
925 1067 1019 1134 unius
1033 1082 1088 1134 aut
1098 1069 1237 1157 plurium
1251 1069 1345 1135 simul
1356 1076 1407 1153 (ac
1417 1071 1546 1157 quidem
1557 1097 1621 1138 uno
1632 1073 1807 1161 eodemque

410 1181 563 1264 tempore)
583 1199 723 1242 neocorae
748 1188 859 1253 essent,
882 1175 948 1242 sive
968 1177 1122 1264 templum
1145 1178 1275 1244 unicum
1292 1177 1435 1265 pluribus
1458 1179 1560 1256 simul,
1583 1181 1649 1246 sive
1673 1180 1804 1269 singulis

410 1282 542 1372 singula,
558 1294 794 1348 consecrassent.

474 1395 563 1473 Haec,
588 1394 735 1483 exemplo
758 1395 909 1483 apposito,
932 1393 1067 1459 illustrat
1082 1393 1271 1460 Eekhelius:
1294 1394 1359 1460 “Si
1381 1395 1438 1459 uni
1459 1395 1575 1462 Severo
1598 1398 1804 1463 constitutum

410 1502 564 1590 templum
583 1515 615 1567 et
628 1501 705 1579 ludi,
726 1500 821 1568 semel
835 1500 953 1567 fiebant
971 1499 1105 1575 neocori‚
1121 1499 1297 1586 etquidem
1315 1507 1372 1568 τοῦ
1389 1500 1571 1588 Σεβαστοῦτ
1594 1502 1621 1568 si
1637 1502 1756 1569 Severo
1771 1529 1805 1570 ac

411 1609 554 1685 Domnae,
566 1608 632 1686 bis;
651 1608 677 1672 si
690 1607 815 1684 Severo,
827 1607 971 1684 Domnae,
984 1605 1151 1672 Caracallae
1166 1604 1268 1684 simul,
1281 1620 1336 1683 ter,
1349 1606 1456 1692 sicque
1471 1622 1559 1673 erant
1572 1616 1643 1696 τρὶς
1657 1615 1806 1697 νεωκόροι

411 1722 475 1783 τῶν
491 1715 675 1803 Σεβαστὼν,
690 1713 834 1802 quamvis
848 1713 882 1778 in
897 1713 991 1779 unico
1005 1713 1132 1802 templo,
1148 1715 1234 1800 quod
1250 1713 1405 1802 principio
1424 1714 1481 1779 soli
1498 1715 1614 1781 Severo
1629 1731 1805 1804 posuerant,

411 1822 505 1886 etiam
519 1821 576 1886 hos
591 1833 708 1888 ceteros
728 1821 822 1886 simul
836 1833 907 1909 post
920 1834 1143 1888 consecrarent.
1187 1821 1236 1886 At
1256 1843 1336 1910 saepe
1355 1820 1446 1908 plura
1467 1820 1585 1908 templa
1602 1821 1757 1909 pluribus,
1772 1823 1806 1888 id

410 1941 464 2006 est,
477 1928 646 2015 unicuique
657 1929 819 2018 proprium
833 1929 1045 1996 aedificabatur
1055 1929 1218 2018 templum,
1230 1928 1362 1996 docente
1378 1927 1464 1994 istud
1474 1951 1604 1993 numero
1615 1930 1807 2017 templorum

411 2035 446 2099 in
460 2035 629 2119 nummis'’(
652 2040 675 2118 ).

475 2138 616 2204 Probent
638 2138 711 2204 satis
733 2137 880 2226 exempla
902 2139 941 2204 ab
957 2137 1112 2204 Eckhelio
1137 2139 1229 2205 allata
1243 2163 1387 2226 personas
1401 2139 1581 2204 illustriores
1604 2153 1806 2205 neocororum

412 2244 548 2332 gessisse,
572 2268 706 2331 quornm
729 2269 828 2310 unum
852 2257 899 2311 est
922 2269 1070 2310 nummus
1085 2246 1391 2334 Adramyttenus(b),
1410 2253 1467 2313 an
1482 2298 1488 2310 .
1502 2252 1581 2312 CTP
1594 2296 1600 2309 .
1615 2254 1700 2314 ΑΥΡ
1714 2298 1722 2310 .
1737 2256 1807 2315 ΓΑ-

413 2358 497 2418 Por
511 2403 517 2414 .
531 2359 555 2419 B
570 2401 576 2414 .
590 2360 665 2418 NE.
681 2351 702 2415 i.
715 2375 741 2418 e.
757 2355 921 2439 νεωκόρου.
966 2352 1077 2428 Immo,
1089 2351 1124 2417 in
1138 2376 1268 2417 nummo
1280 2351 1472 2439 Eucarpensi
1484 2351 1661 2440 (Phrygia)
1678 2367 1808 2441 apparet

410 2462 534 2527 femme
549 2461 723 2539 attributus,
739 2485 838 2547 quum
852 2460 893 2526 sit
906 2458 1086 2548 epigraphe,
1101 2467 1174 2527 EIll
1189 2511 1195 2524 .
1210 2467 1267 2526 NE
1282 2510 1288 2522 .
1302 2465 1468 2526 lIEAIAC
1482 2509 1489 2522 .
1503 2465 1773 2528 CEKOYNAHC
1784 2512 1807 2541 .,

412 2567 595 2656 exemplum
609 2567 735 2632 honoris
749 2566 870 2644 eximii,
886 2591 985 2653 quum
998 2566 1095 2632 fuerit
1109 2567 1306 2655 magistratus
1320 2589 1363 2631 ex
1381 2564 1601 2652 eponymis(c).
1646 2563 1709 2630 Hia
1725 2589 1807 2632 mar·

413 2702 501 2742 mora
522 2675 729 2753 consentiunt,
754 2697 868 2763 nempe
892 2673 1099 2762 Smyrnaeum,
1115 2671 1205 2757 cujus
1230 2669 1423 2758 epigraphen
1447 2692 1489 2735 ex
1504 2667 1629 2755 Cupero
1653 2671 1810 2756 expressit

413 2784 650 2867 vandalicus),
674 2806 797 2849 necnon
820 2781 1052 2870 Thyatirenum
1075 2805 1094 2846 a
1115 2781 1233 2868 Spcnio
1257 2777 1457 2865 descriptum,
1481 2776 1516 2840 in
1539 2799 1601 2862 quo
1624 2775 1809 2864 designetur

415 2891 583 2978 Alphenns
597 2891 726 2977 quidam
746 2891 900 2955 Sacerdos
916 2893 969 2954 dei
984 2889 1155 2978 (Tyrimni,
1175 2901 1211 2954 ut
1227 2887 1363 2976 Spcnius
1381 2889 1495 2974 putat),
1512 2895 1542 2947 et
1557 2887 1721 2948 Neocorue
1738 2887 1808 2950 Aa·

411 3000 558 3083 purtim).
601 2995 671 3061 Hos
684 2995 792 3060 titulos
806 2995 940 3084 propriis
954 2995 1030 3062 locis
1044 2995 1127 3062 inter
1141 2993 1302 3060 addititios
1315 2992 1450 3080 reperiet
1463 2991 1569 3056 lector.

895 3223 1038 3304 Psodt.
1055 3222 1129 3287 Trr.
1141 3221 1238 3287 VIII.
1253 3243 1284 3286 v.
1296 3222 1326 3286 6.

480 3350 695 3435 Ἀείμνηστος.
739 3345 900 3413 Exhibuit
912 3368 1056 3421 marmor,
1072 3344 1156 3410 utin
1171 3369 1241 3410 meo
1255 3343 1427 3432 exemplari
1443 3343 1599 3431 descripsi,
1617 3352 1809 3414 ΑΙΜΗΩΟ·

417 3459 576 3520 ΕΔΕΟΙΟ
588 3503 595 3515 .
606 3503 613 3516 .
625 3450 735 3528 .unde,
755 3447 934 3516 ex-Osanni
948 3447 1289 3533 commendationem,
1310 3452 1508 3535 (ἀείμνηστος
1526 3446 1662 3533 conjeci:
1684 3447 1808 3527 frustm,

417 3571 454 3622 ut
472 3571 593 3624 constat
610 3580 652 3624 ex
672 3555 852 3644 apographo
867 3551 1136 3640 Peysonnelliano.
1181 3552 1243 3617 Pro
1260 3560 1403 3631 Δαισίου,
1417 3553 1568 3619 habemus
1583 3561 1713 3638 Δεσίου,
1727 3571 1764 3622 ut
1778 3567 1809 3627 κέ

419 3687 475 3750 pro
490 3671 539 3733 καὶ
553 3663 588 3728 in
604 3661 736 3728 dialecto
750 3658 968 3735 recentiorum,
988 3669 1021 3723 et
1040 3662 1188 3744 ἐντοφῆνε
1207 3681 1263 3745 pro
1287 3662 1453 3744 ἐνταφῆναι
1469 3656 1503 3720 in
1520 3657 1613 3724 titulo
1629 3659 1808 3728 Fellowsia-

460 3875 506 3952 (ο)
520 3879 620 3934 Doctr.
634 3877 672 3934 N.
686 3894 717 3933 u·
732 3894 754 3931 s.
768 3893 816 3950 pp.
828 3875 894 3936 299.
908 3892 929 3929 s.
1174 3871 1215 3950 (e)
1236 3872 1363 3950 Voyage‚
1378 3882 1432 3930 etc.
1449 3873 1510 3929 Tm
1524 3891 1552 3948 p.
1565 3876 1631 3932 314.
1645 3875 1690 3933 ed.
1705 3879 1787 3940 1724.

460 3973 501 4051 (b)
515 3977 551 4032 D.
565 3975 602 4032 N.
616 3974 672 4032 vol.
683 3991 714 4031 11.
728 3991 756 4050 p.
767 3974 844 4040 448,
860 3989 945 4047 1v..p.
957 3973 1022 4035 291.
1174 3968 1230 4048 (f)
1239 3969 1347 4048 syllog.
1370 3971 1504 4047 Inscript.
1528 3972 1572 4047 (io
1594 3972 1698 4031 Marm.
1713 3977 1807 4036 Oxon.

460 4076 500 4148 (c)
514 4075 550 4130 D.
564 4073 601 4130 N.
622 4072 679 4131 vol.
700 4089 742 4130 m.
764 4091 792 4148 p.
810 4072 882 4138 153,
905 4087 947 4126 ιν.
965 4087 993 4146 p.
1007 4073 1089 4140 29l.;
1134 4065 1268 4144 Append.
1282 4085 1310 4142 p.
1321 4065 1355 4144 r)
1367 4087 1396 4144 p.
1408 4070 1490 4137 233.;
1512 4068 1555 4126 Cf.
1569 4079 1599 4126 et
1609 4069 1720 4150 Syllog.
1733 4075 1806 4133 Ode·

419 4173 508 4229 Num.
524 4161 592 4228 Vct.
606 4171 717 4229 Anecd.
731 4178 785 4227 etc
801 4189 829 4246 p.
841 4171 907 4226 248.
1134 4166 1196 4235 rici,
1211 4185 1239 4242 p.
1252 4161 1319 4227 377.

457 4265 504 4339 (d)
518 4267 638 4324 Dissert.
652 4282 694 4324 ιν.
708 4284 736 4343 p.
748 4265 815 4329 378.
