3788 5092
788 485 973 554 suanus.
1390 441 1393 450 ’
1509 495 1573 556 iss

169 661 255 728 adeo
274 659 429 747 conjicere
443 681 602 747 possemus
621 659 804 730 ἀνθύπατον
818 660 1038 748 λομψοκηνόν,
1058 658 1230 726 secundum
1245 660 1325 727 illud
1339 662 1374 728 in
1389 662 1481 729 titulo
1496 665 1572 731 Per-

166 789 321 854 gameno,
333 792 350 834 e
366 766 539 852 nostris(o).

241 876 378 942 Sensum
392 874 486 954 tituli,
502 884 655 961 quatenus
670 898 713 941 ex
727 873 850 940 schedia
864 873 1133 964 Peysonnellianis
1147 873 1381 941 concludendus
1396 889 1451 954 est,
1466 876 1573 966 legen-

162 982 255 1050 tium
270 980 467 1068 conjecturis,
482 1004 523 1047 ne
538 979 641 1046 dicam
656 979 923 1058 hariolationibua,
938 993 975 1046 nt
986 980 1230 1069 deprehendant,
1246 979 1403 1068 permitto.
1425 982 1573 1049 Ineuntia

161 1097 258 1152 certe
273 1085 377 1150 lucem
393 1083 528 1149 afferunt
542 1105 641 1167 usque
657 1082 697 1149 ad
711 1106 741 1147 v.
761 1087 831 1148 13¹³.
876 1082 1035 1161 Eruimus,
1051 1097 1163 1172 praeter
1177 1109 1214 1152 ea
1228 1085 1375 1172 quaejam
1391 1087 1475 1155 dicta
1489 1105 1571 1167 sunt,

161 1189 205 1258 in
220 1215 276 1256 vv.
289 1195 319 1254 4.
331 1213 380 1267 ss,
395 1200 483 1256 notas
499 1186 648 1274 temporis
666 1186 838 1254 secundum
853 1185 946 1254 fastos
963 1199 1033 1254 tum
1048 1188 1271 1268 Romanorum,
1286 1203 1357 1257 tum
1371 1192 1571 1274 Asianorum,

163 1299 328 1388 scrupulis
341 1297 409 1365 istis
423 1294 574 1384 ablegatis
589 1293 644 1381 qui
659 1294 754 1360 mein
768 1317 798 1360 v.
809 1295 838 1360 6.
850 1293 1021 1381 prasertim
1036 1294 1269 1362 cruciaverant:
1291 1296 1479 1365 remittenda
1494 1300 1572 1366 adeo

167 1406 244 1472 viro
255 1401 415 1493 praestanti
424 1401 552 1468 Osanno
563 1421 654 1464 suum
670 1402 879 1485 (ἀείμνηστος,
891 1396 1114 1466 Sardianorum
1128 1423 1270 1488 proxeno
1282 1425 1337 1469 sua
1348 1407 1460 1492 ἱμάτια,
1471 1404 1572 1471 libens

170 1511 335 1580 confiteor.
379 1508 447 1574 Nec
462 1504 596 1592 amplius
609 1503 765 1569 Divorum
777 1502 1005 1589 Imperatorum
1020 1525 1136 1580 manes,
1149 1527 1227 1589 quos
1241 1504 1319 1572 adeo
1334 1507 1486 1585 colebant,
1498 1533 1571 1575 evo-

172 1617 291 1685 candos
305 1616 397 1694 due0,
412 1611 582 1701 ὑπερείδειν
601 1613 638 1680 τὸ
657 1617 776 1682 πῖπτον
794 1617 849 1678 τοῦ
870 1612 993 1696 μέτρου,
1009 1616 1059 1680 καὶ
1074 1611 1282 1700 ἀναπληροῦν
1301 1617 1338 1682 τὸ
1358 1620 1496 1705 κεχῃνὸς
1515 1627 1572 1685 τοῦ

177 1723 310 1810 ῥυθμοῦ.

242 1826 378 1912 Reliqua
398 1838 511 1892 cuncta
532 1823 643 1890 misere
662 1821 792 1909 disjecta
812 1821 847 1888 in
870 1821 1050 1909 apographo
1072 1821 1133 1890 viri
1152 1824 1237 1892 docti
1256 1823 1420 1893 invenient
1433 1828 1572 1897 lectores.

181 1933 301 2002 Vocem
323 1955 420 1998 unam
443 1943 475 1997 et
498 1931 626 1997 alteram
646 1928 802 2017 integram
820 1928 981 2008 habemus,
1004 1929 1059 2002 sed
1077 1931 1210 2011 nullum,
1233 1933 1333 2019 qualis
1358 1938 1572 2022 expectandus

181 2057 252 2121 erat,
268 2066 393 2112 sensum
411 2041 606 2109 continuum.
650 2037 738 2106 Hinc
752 2036 978 2126 Peyaonnellus
1001 2061 1093 2106 suum
1111 2045 1299 2127 πέπρακτοιῐ
1322 2042 1422 2109 doctis
1440 2045 1498 2110 vix
1517 2071 1572 2134 spe

182 2151 282 2220 oblata
296 2149 428 2236 alicujus
441 2147 561 2213 fructus
575 2144 651 2211 boni
666 2168 708 2211 ex
723 2144 912 2232 apographo,
929 2144 1015 2230 quod
1029 2144 1122 2222 misit,
1138 2146 1342 2234 percipiendi.

242 2255 332 2343 Opus
355 2277 431 2320 vero
453 2267 639 2341 repetamus,
662 2251 803 2340 vestigiis
828 2250 944 2317 eruditi
959 2251 1019 2317 viri
1033 2252 1218 2332 insistentes,
1238 2267 1275 2320 ut
1296 2255 1401 2342 aliqua
1422 2281 1464 2323 ex
1484 2275 1572 2346 parte

181 2361 286 2430 saltem
301 2361 386 2427 tituli
401 2359 533 2448 insignis
548 2358 742 2447 propositum
757 2380 964 2443 assequamur.

246 2475 272 2535 l.
294 2469 402 2558 Opera
419 2468 602 2545 innuuntur,
627 2491 668 2532 sc.
690 2465 806 2530 aedium
825 2464 1071 2543 instaurationes,
1094 2490 1163 2552 quae
1192 2466 1364 2533 secundum
1390 2467 1571 2533 mandatum

182 2575 583 2664 proconsulare(b)-incepta
597 2573 720 2639 fuerant
735 2572 819 2661 apud
836 2571 1018 2639 Sardianos:
1040 2597 1091 2638 vv.
1108 2579 1134 2638 1.
1147 2577 1176 2638 2.

244 2687 272 2748 2.
295 2683 380 2749 Dein
404 2681 615 2748 accusationes
629 2679 663 2744 in
679 2678 892 2746 conductores
917 2702 1055 2768 operum,
1083 2679 1138 2766 qui
1160 2679 1258 2768 pactis
1283 2682 1483 2750 observandis
1509 2709 1572 2749 non

182 2804 274 2868 erant,
298 2791 350 2856 vel
372 2790 456 2880 apud
474 2790 708 2880 Imperatorem,
732 2787 784 2854 vel
803 2786 991 2854 Praefectum
1012 2787 1080 2874 ejus
1096 2787 1193 2866 factae,
1216 2788 1328 2855 diserte
1344 2806 1570 2857 memorantur:

181 2923 230 2964 vv.
242 2903 329 2968 9-13.
352 2898 392 2963 In
406 2896 465 2964 hac
476 2911 563 2986 parte
574 2895 659 2962 tituli
675 2896 871 2986 agnoscenda
885 2909 932 2964 eat
946 2895 1143 2963 allocutionis
1154 2896 1308 2981 sonna(e),
1321 2922 1391 2986 quae
1405 2900 1463 2965 sub
1474 2881 1570 2966 finem

182 3012 223 3089 (v.
234 3007 301 3087 57.)
316 3004 443 3074 videtur
456 3004 596 3094 repetita.

217 3234 263 3315 (a)
276 3237 345 3296 Vid.
360 3236 418 3296 Tit.
433 3253 498 3296 ω.
513 3257 540 3296 v.
559 3241 602 3297 10.
617 3259 645 3314 p.
660 3241 707 3297 83.
887 3238 970 3315 serry,
990 3237 1069 3295 Your
1081 3236 1251 3315 Euellency,
1266 3247 1322 3307 etc,
1337 3257 1462 3314 quarum
1481 3238 1569 3296 etiarn

218 3337 260 3416 (b)
274 3337 374 3396 Verba
394 3345 473 3406 sunt,
497 3337 569 3394 usal
593 3341 621 3394 rt
646 3335 783 3408 ὶπίτινμι
807 3341 853 3394 τοῦ
895 3336 926 3393 in
950 3337 1075 3394 classicis
1099 3336 1205 3394 indicia
1225 3337 1344 3413 quidam
1364 3345 1503 3395 cernunt:
1522 3357 1569 3397 ex.

181 3436 325 3496 ὶνῦνπνίπον
339 3434 448 3512 (assor.
463 3434 495 3492 in
506 3453 602 3510 apogr.
617 3431 664 3510 P.)
685 3431 850 3500 Praeiverat,
895 3434 999 3494 Hecub.
1015 3439 1081 3500 293.
1108 3440 1143 3494 'I'i
1155 3431 1179 3494 >²
1191 3437 1309 3512 ἆξίυμι.
1320 3477 1326 3490 .
1336 3477 1375 3494 ...
1385 3441 1413 3494 πὶ
1427 3441 1468 3494 cis
1482 3438 1570 3496 ποίην.

181 3538 271 3608 credo,
285 3535 456 3611 ψηφίνμιτος
474 3535 522 3594 vel
543 3535 601 3592 tale
622 3533 702 3609 quid,
725 3532 761 3591 ad
775 3532 853 3609 quod
935 3534 1049 3592 Dubito
1061 3535 1098 3592 ad
1111 3555 1206 3612 quem,
1222 3536 1282 3594 sire
1290 3536 1495 3613 Imperatorem
1509 3539 1570 3596 sive

181 3645 288 3713 spectat
301 3631 497 3710 δηλνθησομένοο
511 3633 541 3691 in
555 3654 581 3691 v.
593 3636 619 3693 3.
642 3631 721 3689 Ordo
734 3639 853 3710 apparet
896 3630 1078 3701 Praefectum,
1094 3631 1264 3689 referuntur
1276 3631 1368 3689 tituli.
1408 3632 1520 3692 Mentio
1533 3635 1568 3693 fit

179 3733 274 3803 fuisse,
297 3732 445 3806 ὅςὴιγμ,
462 3727 601 3804 dicimo,
622 3724 738 3792 δῆλννις.
781 3725 852 3784 Hac
895 3730 999 3788 Leonis
1012 3730 1043 3786 in
1056 3750 1083 3788 v.
1098 3733 1142 3797 19.
1183 3729 1241 3789 Sed
1254 3749 1312 3788 non
1329 3749 1443 3790 necesse
1459 3741 1503 3790 est
1516 3752 1566 3809 po-

179 3827 598 3907 litumssditrovelpablieatio,
614 3826 712 3886 eadem
722 3825 850 3886 eratfor-
893 3847 997 3886 uamus
1022 3838 1245 3888 monumentum
1270 3837 1442 3888 contextum
1467 3831 1565 3903 fuisse,

178 3932 529 3994 tassecumRomanorum
543 3925 681 3984 relatione
689 3924 720 3981 in
728 3923 851 3982 tabulas.
893 3928 1053 4005 imperante
1072 3930 1174 3998 Leone,
1196 3937 1312 3988 tantum
1334 3947 1405 3988 vero
1427 3931 1563 4002 edictum,

215 4030 256 4111 (e)
277 4031 390 4106 Nempe
409 4028 422 4091 i
444 4029 473 4089 et
495 4023 673 4102 σοομνώης.
714 4023 764 4082 Sic
783 4022 851 4080 infr.
894 4027 970 4103 quod
985 4037 1133 4096 memorat,
1148 4027 1237 4086 trine
1254 4027 1374 4097 editum,
1394 4029 1473 4103 quod
1485 4037 1567 4106 patet

180 4129 313 4208 (Peyson.
326 4124 374 4190 57.
387 4137 528 4196 ιφωτιτος·
567 4123 603 4182 111
621 4131 712 4180 nostr·
726 4119 773 4180 26·
787 4146 851 4178 aa·
894 4146 931 4185 ex
941 4127 1042 4203 capite.
1064 4127 1137 4184 Dico
1150 4145 1208 4184 non
1220 4143 1345 4184 measse:
1361 4145 1428 4184 nam
1441 4127 1566 4184 rationes

180 4227 259 4302 m..)
275 4224 414 4298 ι’ξιδνητνς.
455 4225 585 4283 Notatur
607 4232 793 4280 transcursus
815 4219 851 4278 ad
894 4227 990 4284 altera
1000 4245 1046 4282 me
1055 4234 1173 4284 movent
1183 4225 1340 4286 utcredam
1348 4227 1470 4286 titulum
1478 4227 1567 4285 tuisse

175 4327 361 4388 allocutiones
374 4325 473 4403 quales
486 4331 591 4383 nostra
608 4329 686 4393 sunt,
696 4321 775 4380 Your
783 4320 851 4382 Μα-
893 4325 1031 4403 temporis
1045 4323 1174 4385 Leonini.

846 4439 867 4484 u
883 4423 918 4484 2·
