3818 5094
809 1105 1231 1200 THYATIRA.

861 1319 939 1375 rara
957 1305 1180 1378 snnrssla.

331 1500 349 1530 ‘⁴
359 1490 537 1555 ansrras
556 1488 683 1555 alluitur
699 1487 796 1577 Lyco,
812 1489 942 1578 Pelopia
956 1487 1133 1577 aliquando,
1149 1501 1181 1556 et
1190 1489 1348 1578 Euhippe,
1364 1489 1610 1579 cognominata.”
1633 1489 1714 1556 Plin.

330 1617 360 1661 v.
373 1599 463 1661 31.3.
508 1595 604 1660 Ioniae
626 1608 767 1661 accenset
786 1594 978 1673 Historicus;
1001 1595 1112 1684 Lydiae
1129 1595 1315 1684 Stephanus,
1335 1618 1457 1662 necnon
1471 1595 1669 1672 Ptolemaeus,
1685 1617 1714 1660 v.

329 1707 359 1768 2.
375 1702 419 1769 sie
434 1727 558 1790 quoque
569 1703 603 1768 in
617 1703 729 1770 notitia
743 1703 986 1792 episcopatuum.
1016 1703 1204 1781 Semiramis,
1220 1727 1334 1769 nomen
1349 1701 1502 1770 recentius
1516 1701 1715 1790 perhibetur:

329 1807 574 1874 recentissimum
590 1807 686 1891 (inter
697 1807 836 1890 Graecos)
853 1808 1014 1897 Thyatira,
1030 1809 1116 1895 quod
1129 1808 1165 1873 in
1176 1809 1312 1874 nummis
1322 1807 1484 1895 titulisque
1499 1806 1646 1886 obvium3
1662 1807 1715 1874 de·

329 1911 521 1997 ductumque
541 1925 728 1977 memoratur
747 1935 789 1977 ex
811 1911 923 1977 nuntio
938 1911 1087 1990 Nicatori,
1104 1913 1180 1979 dum
1194 1913 1228 1978 in
1242 1913 1302 1980 hac
1319 1913 1397 1981 urbe
1415 1929 1597 1991 versaretur,
1612 1914 1714 1992 allato,

329 2015 426 2082 filiam
441 2015 626 2105 (θυγατέρα)
641 2015 671 2081 ei
686 2039 728 2081 ex
742 2015 851 2104 regina
864 2029 969 2082 natam
983 2015 1087 2083 fuisse.

395 2120 565 2188 Civitatem
580 2120 692 2208 Mysiae
706 2119 842 2186 tribuere
857 2120 982 2186 videtur
999 2120 1119 2199 Strabo,
1134 2122 1224 2208 eujus
1243 2124 1339 2190 verba
1358 2138 1446 2190 sunt:
1460 2124 1653 2213 βαδίζουσιν
1668 2131 1714 2195 ἐπὶ

330 2226 456 2315 σάρδεις
472 2233 598 2316 (nempe
617 2251 636 2291 a
650 2227 818 2314 Pergamo)
834 2227 930 2305 πόλις
950 2231 1034 2295 ἐστὶν
1056 2232 1089 2296 ἔν
1105 2227 1252 2316 ἀριστερᾷ
1267 2228 1420 2318 θυᾶτειρα,
1435 2237 1571 2300 sarmata
1584 2231 1713 2318 μακεδο-

330 2367 404 2413 νων,
419 2335 460 2414 ἢν
473 2342 584 2423 μυσῶν
597 2337 735 2424 ἐσχάτην
748 2339 830 2413 τινές
844 2351 949 2424 φασιν.
972 2356 1044 2401 1111.
1057 2339 1086 2400 4.
1098 2359 1128 2423 p.
1144 2340 1213 2401 151.
1230 2335 1372 2404 Tauchn.

395 2441 514 2508 Civitas
526 2440 727 2529 Thyatirena,
740 2439 881 2526 quamvis
893 2441 1096 2528 λαμπροτάτη
1112 2453 1144 2506 et
1159 2444 1326 2530 νεωκόρος,
1337 2442 1420 2509 inter
1433 2443 1571 2510 maxime
1581 2443 1715 2511 illustres

329 2547 512 2635 neutiquam
526 2545 718 2613 recensenda
732 2559 795 2623 est;
817 2544 852 2611 id
866 2546 952 2633 quod
966 2560 1142 2612 constater(
1156 2547 1310 2616 Plinianis
1324 2569 1354 2613 v.
1366 2553 1418 2615 33.
1434 2555 1463 2615 4.
1478 2574 1592 2639 nempe
1608 2551 1714 2640 Thya·

329 2654 445 2720 tirenos
459 2677 532 2720 cum
546 2651 655 2718 ceteris
669 2650 714 2717 ibi
729 2650 896 2717 nominatis
910 2650 1023 2717 ditioni
1039 2652 1239 2740 Pergamena}
1254 2653 1443 2722 convenisse.
1476 2655 1630 2723 Pauciora
1644 2673 1716 2723 sunt

329 2759 402 2826 ideo
414 2783 483 2846 quae
495 2757 631 2824 delibare
646 2755 743 2854 possis
757 2781 800 2822 ex
815 2757 992 2824 auctoribus
1007 2757 1046 2823 de
1060 2759 1154 2846 gestis
1169 2758 1296 2826 civium.

395 2863 546 2930 Narratur
568 2887 587 2928 a
609 2861 703 2927 Livio
725 2862 820 2948 quod,
850 2861 996 2928 saeviente
1021 2861 1104 2928 bello
1119 2862 1308 2941 Antiochen
1329 2863 1486 2930 Eumenes
1504 2865 1715 2955 Pergamenus

332 2971 457 3038 adortus
472 2992 581 3058 agrum
596 2967 826 3056 Thyatirenum
840 2967 1001 3057 ingentem
1016 2969 1151 3057 praedam
1166 2969 1248 3036 intra
1258 2993 1372 3058 paucos
1386 2969 1452 3036 dies
1466 2971 1594 3036 avertit:
1610 2995 1714 3060 regem

330 3101 423 3166 porro
437 3077 482 3144 ihi
502 3090 601 3143 castra
613 3076 757 3144 habuisse
771 3077 848 3142 dum
861 3077 972 3144 Sardes
991 3091 1144 3166 repeteret
1157 3092 1228 3166 post
1241 3077 1361 3145 cladem
1374 3077 1505 3145 Seleuco
1519 3077 1715 3167 aDiophane

330 3181 459 3250 illatam.
483 3201 611 3248 ωηο.
627 3188 656 3248 8.
670 3187 721 3247 21.

397 3289 485 3358 Ante
499 3288 642 3376 praelium
656 3288 884 3378 inauspicatum
908 3288 948 3356 ad
963 3287 1167 3378 Magnesiam,
1183 3302 1282 3356 castra
1298 3287 1385 3377 regia
1402 3300 1490 3354 erant
1509 3286 1591 3354 eirca
1606 3287 1714 3377 Thya·

330 3395 400 3462 tira.
422 3397 506 3460 Ibid.
518 3396 569 3462 37.
682 3402 684 3406 ’

397 3501 495 3568 Victo
508 3524 582 3589 rege
597 3512 629 3566 et
642 3499 785 3566 exercitu
798 3497 972 3588 profligato,
983 3497 1080 3588 legati
1094 3522 1112 3564 a
1124 3496 1283 3585 Thyatiria
1297 3508 1330 3562 et
1341 3494 1503 3584 Magnesia
1517 3496 1557 3562 ad
1570 3496 1715 3587 Sipylum

334 3609 373 3675 de
391 3607 521 3674 urbibus
536 3605 686 3672 dedendis
704 3629 777 3673 eum
795 3605 921 3672 consule
944 3619 1050 3694 agunt,
1071 3619 1103 3670 et
1116 3604 1151 3668 in
1165 3603 1260 3669 fidem
1275 3603 1487 3668 Romanorum
1510 3601 1714 3692 accipiuntur.

332 3715 416 3779 [bid.
432 3716 483 3777 44.

397 3818 419 3885 J
420 3841 475 3884 ure
489 3814 676 3883 hereditario
690 3813 831 3881 vindicat
844 3813 1010 3902 imperium
1024 3812 1208 3890 Attalicum,
1225 3811 1374 3878 Romanis
1396 3811 1610 3891 renitentibus,
1625 3815 1715 3882 Aris·

334 3922 465 3990 tonicus.
509 3918 657 4008 Inprimis
678 3919 789 3984 urbem
804 3918 1030 4007 Thyatirenam
1043 3917 1330 4007 Apollonidemque
1345 3943 1400 4007 per
1413 3918 1554 3985 fraudem
1574 3940 1714 4010 occupat.

336 4027 474 4093 Demum
493 4049 576 4102 vero,
596 4024 698 4090 victrrs
721 4024 926 4112 aPerpenna,
937 4024 1027 4111 jussu
1047 4039 1169 4092 senatus
1188 4048 1294 4114 poenas
1317 4027 1418 4115 eapite
1433 4026 1501 4093 luit.
1523 4027 1716 4104 Freinshem.

341 4136 500 4221 Supplem.
516 4135 591 4198 Liv.
607 4153 671 4196 mx.
689 4136 739 4197 21.
755 4134 806 4200 70.

399 4237 604 4326 Imperatores
619 4237 785 4315 Romanos,
808 4233 889 4303 siem
910 4235 1014 4316 ceteri,
1031 4235 1218 4325 Thyatireni
1232 4236 1392 4304 benivolos
1417 4238 1557 4328 experti;
1580 4239 1714 4309 Hadria·
