3676 5100
666 525 851 592 SARDES.
1395 517 1452 582 157

126 691 243 778 Liquet
257 715 299 760 ex
314 719 345 760 v.
361 699 412 761 22.
428 697 545 784 priores
567 720 632 762 non
651 697 686 762 in
709 697 802 786 culpa
820 697 913 764 fuisse
936 697 1023 784 quod
1037 720 1132 784 opera
1145 697 1269 762 fuerant
1286 693 1454 782 impedita;

62 810 167 862 contra
181 823 265 876 vero,
278 799 503 889 Redemptores
518 803 714 890 pactionibus
729 825 837 868 eorum
853 825 916 867 non
931 801 1066 868 stetisse:
1088 825 1139 864 vv.
1156 805 1262 865 ll·l3.
1274 803 1326 864 38.

123 906 154 965 5.
178 900 333 988 Denique,
349 905 522 970 notandum
534 919 581 970 est
591 905 748 994 praecipue
763 905 843 970 illud
859 911 1035 992 πρόστιμον
1046 905 1080 970 in
1094 929 1124 970 v.
1137 911 1189 974 49.
1233 905 1329 984 Quod
1344 903 1455 970 defiui-

60 1020 111 1072 tur
125 1006 225 1072 multa
241 1033 371 1096 operum
387 1010 629 1076 conductoribus
643 1010 811 1099 irroganda
822 1010 876 1096 qui
887 1009 983 1076 fidem
994 1010 1196 1088 violaverant,
1212 1010 1316 1074 nullus
1327 1010 1454 1074 dubito:

61 1127 92 1177 et
105 1113 166 1178 hoc
176 1137 232 1178 nos
247 1114 286 1180 de
302 1114 387 1180 tituli
402 1139 494 1180 sensu
508 1102 704 1201 aliquatenus
718 1113 864 1179 certiores
878 1111 962 1189 facit,
977 1112 1010 1176 in
1027 1136 1064 1178 eo
1078 1136 1192 1200 nempe
1206 1113 1291 1201 leges
1305 1112 1454 1198 quasdam

62 1218 316 1305 conditionesque
332 1233 364 1285 et
378 1219 619 1286 conductoribus
633 1231 666 1284 et
680 1217 845 1306 opificibus
859 1217 963 1296 statui,
979 1231 1120 1305 tempora
1130 1217 1263 1295 definiri,
1274 1229 1454 1305 praetcxtus,

63 1346 156 1408 quare
171 1345 266 1411 opera
280 1323 486 1400 differrentur,
503 1323 580 1401 tolli,
591 1323 753 1401 desidiam,
769 1322 919 1401 fraudem,
932 1324 1078 1390 introitus
1093 1325 1275 1403 alienorum,
1286 1325 1454 1413 prohiberi,

62 1441 92 1492 et
106 1428 182 1504 haec,
198 1431 370 1495 secundum
384 1430 520 1496 civitatis
534 1445 657 1510 statuta,
673 1431 772 1496 multa
782 1431 910 1497 indicta.
946 1432 1025 1497 Haec
1039 1431 1145 1497 omnia
1155 1431 1332 1520 colligenda
1346 1431 1456 1519 opinor

62 1558 101 1600 ex
117 1536 258 1624 vestigiis
272 1539 468 1604 monumenti
479 1540 513 1604 in
528 1544 579 1604 22.
596 1545 647 1605 23.
663 1545 714 1605 30.
731 1545 782 1606 31.
798 1543 850 1606 32.
866 1544 917 1604 33.
930 1545 981 1605 34.
998 1540 1049 1607 37.
1066 1544 1116 1604 38.
1132 1544 1183 1603 40.
1200 1543 1251 1603 42.
1267 1541 1319 1604 46.
1335 1540 1386 1607 47.
1402 1543 1453 1606 49.

124 1639 288 1706 Hactenus
298 1641 338 1708 de
353 1666 464 1730 scopo;
486 1667 586 1731 pauca
597 1667 681 1709 nune
696 1645 853 1710 monenda
867 1657 940 1709 sunt
954 1644 993 1708 de
1008 1642 1094 1708 tituli
1108 1654 1207 1708 aetate.

125 1745 284 1833 Tempora
297 1746 448 1812 habemus
462 1747 632 1836 designata,
646 1773 687 1814 sc.
704 1773 830 1827 annum,
842 1749 876 1814 in
888 1773 917 1814 v.
930 1755 960 1814 5.
984 1748 1137 1824 Mensem,
1152 1747 1187 1811 in
1198 1771 1250 1811 vv.
1260 1750 1290 1811 4.
1302 1747 1332 1811 6.
1347 1746 1454 1824 immo,

62 1849 145 1914 diem
165 1851 296 1928 mensis;
318 1876 391 1918 narn
406 1853 677 1941 synchronismum
691 1854 785 1920 fuisse
800 1855 882 1920 inter
896 1875 918 1918 v
933 1853 1005 1918 Kal.
1021 1853 1115 1918 Mart.
1132 1862 1237 1918 et1v¹¹¹
1252 1849 1358 1927 Daesii,
1374 1851 1456 1916 inter

61 1956 235 2036 Sardianos,
251 1959 377 2024 videtur
391 1959 425 2024 in
439 1959 498 2026 hac
513 1959 652 2026 clausula
665 1959 841 2025 luculenter
856 1957 1012 2042 statui(u).

121 2063 238 2129 Annus
249 2063 405 2141 definitur,
421 2087 543 2153 nempe,
560 2063 765 2129 duodecimus
781 2062 1014 2146 Indictionis(b)
1030 2084 1099 2147 quae
1106 2062 1298 2146 felicissima
1319 2057 1455 2145 appella·

61 2185 120 2249 tur,
136 2172 246 2260 procul
266 2173 363 2239 dubio
382 2172 457 2259 quia
474 2172 508 2237 in
528 2196 565 2238 ea
583 2193 754 2259 purpuram
780 2179 961 2254 assequutus
980 2165 1083 2231 fuerat
1097 2165 1172 2231 Leo.
1217 2162 1390 2252 Cognitum
1409 2173 1456 2226 est

62 2300 134 2342 eum
149 2276 266 2343 sactum
280 2277 375 2343 fuisse
385 2277 603 2364 imperatorem
618 2275 653 2340 in
667 2297 773 2340 mense
785 2271 965 2348 Februario,
981 2294 1063 2336 anno
1078 2270 1115 2335 P.
1128 2269 1164 2336 0.
1181 2270 1255 2337 457.
1298 2267 1455 2332 Memorat

62 2379 133 2446 ideo
148 2393 386 2446 monumentum
397 2379 607 2446 Indictionem
622 2377 785 2454 decimam,
800 2390 833 2443 et
846 2376 974 2443 tertium
988 2375 1078 2465 regni
1092 2373 1227 2441 Leonini
1241 2397 1368 2440 annum.

126 2487 220 2554 Nunc
234 2501 329 2554 restat
343 2487 442 2553 solum
457 2501 494 2553 ut
508 2486 681 2575 apographi
695 2485 948 2574 Peysonnelliani
963 2483 1125 2572 exemplar
1139 2505 1310 2571 apponam
1332 2480 1367 2545 in
1382 2504 1453 2566 quo,

62 2592 101 2656 ad
115 2592 246 2658 lectores
256 2591 422 2678 juvandos,
438 2613 539 2668 voces,
554 2605 706 2676 quatenus
720 2590 843 2668 licebat,
859 2589 1093 2678 punctiunculis
1108 2587 1254 2655 discretas
1268 2585 1411 2653 exhibui.

101 2804 736 2883 (c)DaesiusMacedonumetc.inConspectu
780 2805 964 2864 Kelenderis.

64 2903 220 2961 Usseriano
229 2903 360 2980 (Dicam.
372 2922 428 2961 us.
437 2923 461 2960 c.
473 2921 516 2960 tv.
527 2899 589 2977 fin.)
600 2903 737 2979 congruit
819 2904 860 2984 (b)
874 2906 919 2964 De
932 2905 1145 2963 Indictionibus
1157 2899 1215 2962 vid.
1230 2902 1344 2960 Patavii
1356 2900 1454 2960 Retia

65 3020 131 3058 cum
142 3005 179 3062 25
191 3001 421 3078 Apa-sanai.
436 3001 464 3059 h
476 3021 499 3059 e.
511 3000 737 3059 Atheniensium
779 3007 897 3063 numum
914 3006 1010 3082 Teum.
1024 3006 1058 3062 P.
1074 3023 1093 3063 1.
1108 3005 1172 3063 Lib.
1186 3002 1214 3063 6.
1228 3023 1257 3080 p.
1269 2999 1336 3065 247.

64 3101 380 3179 Munych-Thargel
421 3102 500 3159 Huic
510 3102 628 3178 propior
637 3110 682 3158 est
691 3121 735 3159 ra·
819 3107 855 3164 In
865 3104 1069 3164 titBoeckhn.
1077 3102 1163 3167 2746.
1185 3103 1316 3172 Fellows,
1324 3099 1454 3179 (Aphro-

63 3201 103 3258 tio
127 3200 298 3259 Plutarchi:
318 3200 434 3278 longius
458 3199 580 3258 discedit
595 3199 733 3277 Philippi,
764 3191 845 3282 dis)
859 3205 915 3263 vol.
930 3223 960 3262 11.
974 3226 1003 3283 p.
1019 3210 1065 3266 35.
1081 3225 1103 3262 s.
1118 3206 1181 3262 obv.
1197 3187 1299 3272 INAH,
1321 3201 1372 3260 sed
1392 3201 1453 3258 sine

63 3309 98 3357 ut
118 3301 284 3378 expositum
297 3299 436 3358 habemus
449 3301 481 3358 in
495 3300 608 3358 Tabula
621 3300 734 3370 Ideleri
779 3311 858 3360 certa
870 3309 938 3359 nota
951 3301 1125 3359 indictionis.

62 3400 109 3457 cit.
124 3419 203 3477 supr.
216 3420 245 3477 p.
259 3401 322 3465 139.
337 3399 394 3458 Sed
404 3400 518 3474 Dasius
528 3397 737 3456 Sardianorum
819 3402 855 3458 ln
863 3409 1004 3459 contextu
1014 3400 1157 3458 calculum
1167 3397 1284 3456 institui
1294 3395 1453 3455 secundum

62 3519 98 3556 ex
110 3499 165 3557 hoc
179 3499 269 3557 titulo
280 3506 401 3576 apparet
413 3497 551 3574 incepisse
560 3498 643 3580 in'22
652 3497 737 3554 Febr.
780 3498 868 3556 fastos
887 3497 1228 3574 constantinopolitanos,
1253 3513 1379 3570 quorum
1403 3494 1451 3550 In-

62 3594 123 3653 he.
138 3595 312 3665 convenisse,
328 3595 487 3653 secundnm
501 3595 641 3652 rationem
651 3595 738 3652 Usse·
781 3597 919 3654 dictiones
936 3599 986 3676 (ut
999 3596 1153 3674 perhibent
1172 3591 1316 3669 auctores)
1336 3594 1368 3650 in
1381 3592 1452 3669 Sep-

63 3699 181 3766 riannm,
196 3715 264 3753 cum
277 3695 421 3752 Xanthieo
432 3693 630 3762 Macedonum,
642 3692 737 3769 Ephe
782 3697 885 3753 tembr.
905 3697 971 3755 312.
993 3697 1028 3753 Ρ.
1043 3697 1074 3753 C.
1096 3695 1280 3772 incipiebant
1321 3693 1378 3752 Sed
1398 3693 1453 3750 hoc

63 3797 181 3864 aiorum,
193 3803 247 3852 etc.
262 3803 292 3851 et
306 3812 372 3851 cum
386 3793 497 3870 Dystro
511 3791 736 3868 Smyrnaeorum.
780 3795 981 3856 divinationem
994 3795 1120 3874 appellat
1134 3794 1279 3852 Petavius.

61 3895 145 3954 Adeo
166 3893 369 3969 discrepabant
389 3891 467 3968 apud
487 3891 600 3950 Grecos
614 3890 737 3947 Asianos
