3676 5100
670 464 921 532 THYATIRA.
1425 463 1482 530 1⁷⁷

104 643 163 708 511ae
178 641 218 707 sd
229 640 461 716 Pancratiastae,
472 639 522 704 hae
533 637 573 704 od
583 637 667 705 cives
683 641 845 726 εὐεργέτας
855 635 1097 726 gymnasiorum,
1112 648 1287 724 respectum
1298 636 1483 702 habuerunt.

51 812 54 818 .
105 748 185 814 Nom
207 745 375 844 probabilis
397 745 522 811 videtur
544 744 738 830 conjectatio,
753 767 871 810 morem
891 743 1054 830 antiquum
1064 743 1168 820 fuisse,
1189 757 1226 808 ut
1239 743 1370 809 honores
1389 743 1413 807 ii
1427 742 1484 808 soli

105 868 363 938 consequerentur
381 850 436 937 qui
454 850 488 915 in
503 865 567 916 erte
587 849 780 938 gymnastios
803 849 920 916 eximie
943 873 976 916 se
990 851 1148 940 gesserint,
1167 874 1223 939 per
1245 853 1485 940 reportationem

108 965 170 1029 τῶν
185 960 334 1045 θεμάτων.

580 1103 659 1169 Pio.
672 1105 722 1169 65.
739 1101 921 1170 melv.
937 1128 967 1168 v.
979 1108 1009 1168 4.

166 1235 304 1312 Ἀλλοις
318 1237 460 1318 ὀνόμασι.
484 1233 616 1299 Locutio
627 1233 813 1299 Sallustisns
825 1246 872 1299 est
884 1236 1020 1298 honestis
1034 1237 1256 1317 nominibus(a)
1266 1231 1377 1320 (Angl.
1387 1233 1486 1295 under

107 1345 244 1426 apericus
254 1346 412 1426 protecte)
428 1363 561 1425 quacum
580 1338 728 1405 convenit
742 1339 887 1427 Dionysii
903 1339 1007 1406 Helio.
1022 1339 1111 1416 illud,
1127 1341 1254 1427 ἔπραττε
1269 1338 1301 1408 δὲ
1315 1338 1486 1424 Ἀμούλιος

108 1455 198 1515 τοῦτο
211 1447 274 1531 μετ’
289 1448 454 1531 ὀνομάτων
468 1446 585 1522 καλῶν,
602 1447 646 1522 ὡς
659 1447 750 1528 τιμὴν
764 1451 808 1532 τῷ
823 1449 903 1532 γένει
918 1453 966 1513 καὶ
982 1449 1101 1529 κόσμον
1113 1444 1293 1531 περιτιθείς(
1313 1449 1337 1526 )

170 1550 229 1617 Est
238 1575 313 1618 vcro
323 1565 356 1618 et
366 1551 462 1616 alters
475 1550 669 1640 significatio,
682 1575 750 1637 quse
765 1551 849 1638 epud
861 1551 1114 1617 Graeco-Latinos
1125 1551 1250 1616 videtur
1263 1548 1485 1623 usitstsiuisse,

110 1680 228 1745 nempe,
238 1681 386 1744 persona.
431 1657 484 1748 Sic
498 1681 604 1722 nomeu
621 1663 671 1740 (ut
681 1657 850 1744 plurimum
865 1657 905 1722 sd
916 1657 1088 1724 debitorem
1099 1656 1339 1745 designandum)
1353 1685 1486 1742 μετωνυ-

109 1767 212 1844 μικῶς,
228 1761 261 1826 ἱο
273 1761 340 1828 Cic.
349 1764 456 1847 Epist.
467 1763 511 1825 ad
521 1761 634 1825 Famil.
650 1784 679 1824 v.
691 1761 720 1824 6.
736 1774 816 1826 extr.
853 1760 960 1827 Senec.
973 1763 1110 1850 Benefic.
1126 1786 1156 1826 v.
1168 1765 1218 1825 22.
1234 1775 1266 1827 et
1280 1762 1362 1849 spud
1373 1775 1487 1849 poetes,

111 1865 182 1932 Vsl.
198 1866 300 1934 Flscc.
320 1891 350 1932 v.
374 1872 460 1945 120.;
484 1866 539 1933 Sil.
560 1865 730 1932 Itsl.xv11.
750 1869 840 1946 4923
863 1866 980 1934 Lucan.
1001 1887 1023 1932 1.
1043 1872 1134 1945 313.;
1156 1867 1269 1953 quibus
1294 1867 1373 1933 sdde
1392 1866 1486 1932 Ovid.

119 1975 215 2038 Trist.
231 1993 267 2038 11.
283 1976 354 2038 441.
1424 2040 1426 2044 ¹

119 2061 123 2068 ’
175 2077 209 2144 Si
231 2077 375 2144 Graecum
397 2075 543 2162 requiras,
563 2074 705 2142 citandus
727 2072 815 2140 venit
829 2073 876 2139 tit.
893 2073 1019 2139 Tloens.
1034 2074 1247 2160 Fellowsii(c),
1271 2075 1306 2141 in
1329 2100 1391 2162 quo
1409 2075 1488 2161 juris

110 2181 253 2252 limitstio
267 2209 323 2273 per
336 2186 449 2270 μόνοις
463 2185 616 2266 ὀνόμασιν
630 2182 794 2260 indicetur,
810 2206 932 2269 nempe,
948 2181 988 2247 sd
1003 2205 1146 2269 personss
1160 2181 1249 2270 ipsas,
1265 2181 1351 2248 nulls
1370 2181 1489 2248 ratione

110 2291 215 2358 hsbits
229 2305 429 2379 posterorum,
441 2289 492 2356 vel
503 2289 659 2378 Eutychis
669 2289 774 2379 ipsius,
790 2289 840 2356 vel
854 2303 1033 2356 exterorum
1048 2287 1160 2375 quibus
1170 2289 1223 2376 jus
1237 2287 1401 2378 sepulture
1416 2312 1488 2354 con·

111 2397 239 2463 ceditur.
907 2403 908 2406 ’

174 2503 255 2580 Ηοο,
267 2501 399 2567 formula
412 2500 571 2580 strictiore,
582 2501 618 2566 in
628 2524 711 2588 seqq.
724 2499 911 2567 declaretur:
925 2501 967 2586 μὴ
983 2502 1142 2579 ἑπομένης,
1157 2503 1231 2583 μήτε
1246 2500 1338 2588 αὐτῷ,
1349 2503 1423 2584 μήτε
1439 2501 1489 2575 οἷς

111 2618 280 2698 συγχωρεῖ,
294 2605 415 2696 perric.

165 2710 318 2790 ¹Titulum
343 2722 482 2774 nostrum
502 2706 731 2795 Thyatircnum
754 2705 793 2772 de
815 2705 871 2772 lite
894 2706 1027 2791 quodem
1051 2731 1150 2796 ogere,
1172 2731 1266 2794 qusm
1288 2707 1322 2772 in
1345 2707 1489 2773 Atticum

110 2831 236 2907 propter
250 2818 375 2882 bustum
389 2813 540 2878 violatum
555 2813 730 2878 intenderet
740 2811 880 2889 Aurelia,
896 2836 1074 2900 persuasum
1089 2837 1138 2879 me
1153 2813 1262 2880 habeo
1305 2815 1491 2902 Ἐφευρετὴς

110 2919 150 3006 (si
172 2944 246 2986 sens
268 2921 308 2986 sit
322 2918 429 3000 lectio)
452 2931 518 2983 eret
531 2917 659 2984 Atticus
673 2917 735 2995 ille,
757 2917 810 3004 qui
834 2933 941 2983 contrs
960 2917 1060 3006 legem
1079 2919 1253 3006 jubentem,
1275 2919 1346 2990 οὐδέ
1369 2925 1490 3009 τρόπον

110 3034 248 3116 ἐφευρεῖν
263 3027 287 3116 ᾦ
302 3029 342 3095 dv
358 3025 603 3114 ιἰπολλοτριώθο
615 3025 818 3113 (sepulcrum)
831 3029 905 3093 κατὰ
920 3031 1104 3114 πορεύρεσιν
1120 3029 1327 3114 οὐδεμίονω),
1342 3054 1489 3118 peccave·

111 3150 174 3201 rut:
196 3136 270 3202 dein
284 3158 340 3223 per
358 3136 511 3219 ὀνόμασιν
534 3147 649 3198 ceteros
665 3129 807 3219 designet
825 3129 934 3194 titulus
952 3129 1065 3215 quibus
1079 3132 1231 3222 denegate
1253 3148 1299 3201 est
1321 3134 1491 3223 sepeliendi

112 3242 249 3308 facultas.

176 3347 298 3414 Cuncts
312 3347 356 3412 sio
370 3347 450 3413 benc
462 3344 643 3433 procedunt.
670 3343 732 3410 Sed
746 3342 913 3432 legendum
929 3343 998 3430 quis
1009 3342 1126 3409 dixerit
1140 3343 1272 3422 οὐδέσιν,
1287 3369 1349 3410 non
1365 3345 1489 3423 ἄλλοις,

112 3451 249 3518 oratione
263 3450 304 3532 cd
317 3449 402 3515 huno
416 3448 544 3513 modum
558 3447 749 3525 decurrente,
769 3471 824 3512 nec
847 3452 944 3512 cuivis
968 3449 1062 3513 alteri
1080 3456 1234 3535 repertori
1248 3451 1283 3535 (i.
1295 3475 1321 3517 e.
1337 3452 1392 3537 qui
1408 3453 1490 3517 vium

112 3555 306 3624 abalienandi
321 3555 452 3645 sepulcri
467 3555 650 3643 reperierit),
665 3557 822 3642 quibusvis
837 3557 1016 3633 nominibus,
1031 3557 1150 3620 licitum
1166 3560 1226 3620 erit
1241 3557 1381 3642 sepelire.
1419 3555 1489 3621 Huc

111 3664 229 3728 ratione
243 3660 376 3727 formula
398 3661 521 3730 οὐδέσιν
540 3665 692 3748 ὀνόμασιν
710 3685 782 3727 cum
797 3659 1035 3750 Aphrodisiensi
1050 3663 1126 3730 sard
1140 3665 1325 3750 πορεύμεσιν
1343 3661 1490 3748 οὐδεμέον

112 3769 300 3837 conveniret.
331 3855 333 3860 Α

175 3877 333 3952 iudicent,
346 3887 400 3941 sut
413 3874 542 3942 meliors
555 3875 638 3942 hisce
652 3875 848 3965 perspiciant,
863 3876 987 3943 eruditi.

152 4093 476 4173 (c)0stilin.xxxv11u
859 4091 904 4170 (d)
917 4093 982 4151 Cito
995 4112 1032 4151 ex
1046 4093 1092 4152 tit.
1105 4091 1259 4170 Aphrodis.
1273 4112 1310 4151 ex
1324 4093 1401 4166 meis
1428 4093 1488 4152 Ex-

151 4186 193 4266 (b)
208 4188 310 4263 Antiq.
325 4185 499 4251 Romtifi.
821 4193 1032 4253 tetianckh.
1047 4194 1114 4253 c.1.
1129 4195 1254 4253 22834.

152 4288 193 4367 (c)
206 4287 339 4366 Append.
354 4289 391 4346 A.
406 4287 463 4344 Tit
477 4289 540 4348 134.
555 4307 581 4347 v.
592 4287 620 4348 6.
633 4309 662 4367 p.
673 4291 739 4355 395.
