3818 5094
550 421 796 489 PRAEFATIO
818 419 884 485 AD
908 420 1168 488 LECTOREM.
1535 429 1554 491 9

159 613 306 695 partem,
325 623 372 672 ex
390 598 681 698 opisthographis
693 622 759 695 per
771 597 910 671 itineris
928 596 1151 671 occasionem
1169 594 1341 669 consectis
1359 597 1550 685 elaboravi,

158 717 243 791 dum
272 720 386 793 oculis
411 721 675 816 subjicerentur
690 732 933 806 monumenta,
953 740 1132 812 sensuque
1155 715 1280 788 vivido
1298 731 1456 789 mentem
1474 744 1549 815 per-

158 837 382 937 stringerent.
967 929 968 934 η

231 959 385 1055 Reliqua
402 984 483 1055 quae
500 973 688 1058 perspecta
704 959 838 1033 habere
857 984 975 1056 operae
993 958 1149 1055 pretium
1168 958 1214 1031 sit
1230 959 1269 1030 in
1281 959 1549 1034 Commentario

157 1080 327 1177 expressi,
340 1104 458 1175 quem,
472 1080 611 1175 aliquot
628 1081 760 1154 abhinc
778 1081 1002 1177 septimanas,
1020 1104 1139 1152 coram
1152 1078 1311 1152 Praeside
1329 1094 1366 1154 et
1382 1083 1549 1154 Assesso·

156 1199 255 1271 ribus
273 1202 351 1296 ejus
369 1201 406 1272 in
418 1201 574 1274 concilio
588 1201 633 1273 de
647 1202 782 1296 antiqq.
797 1199 1007 1273 Academiae
1027 1199 1151 1297 Regiae
1168 1201 1387 1287 Hibernicae,
1401 1202 1546 1300 perlegi.

157 1320 291 1392 Rerum
318 1344 405 1392 vero
433 1334 470 1393 et
487 1319 771 1418 disputationum
799 1321 916 1418 capita
936 1344 1048 1418 penes
1065 1333 1101 1392 te
1128 1344 1216 1406 esse,
1235 1322 1275 1394 L.
1290 1323 1341 1406 B,
1359 1323 1491 1408 curavi,
1508 1324 1548 1395 in

156 1461 304 1536 corpore
318 1452 484 1512 notarum
498 1464 579 1535 quae
589 1439 802 1514 fasciculum
814 1439 989 1514 claudunt
1001 1440 1198 1536 interjecta,
1209 1464 1364 1535 cumque
1376 1458 1548 1538 apparatu

158 1559 327 1655 ampliore
345 1561 599 1634 auctoritatum
617 1585 725 1657 quam
744 1563 825 1657 quis
843 1560 1127 1634 auscultantibus
1146 1561 1322 1656 subjicere
1335 1576 1476 1658 posset:
1498 1563 1549 1635 di·

157 1677 368 1750 versissimae
386 1679 521 1776 quippe
538 1704 595 1751 res
610 1692 703 1766 sunt,
723 1691 934 1776 argumenta
951 1691 1114 1766 tractare,
1134 1677 1213 1751 haec
1226 1703 1314 1752 vero
1332 1681 1547 1778 scriptorum

157 1794 368 1868 testimoniis
385 1795 595 1869 confirmata
611 1821 823 1893 proponere.

231 1918 274 1989 In
302 1919 477 2015 opusculo
501 1944 609 2017 supra
625 1919 724 1993 dicto
742 1919 907 2015 quaedam
925 1920 1033 1993 etiam
1051 1919 1096 1993 de
1120 1920 1291 1993 itinerum
1315 1946 1478 1996 meorum
1495 1950 1547 1997 ra-

155 2036 251 2109 tione
269 2039 475 2126 intertexui‚
494 2065 575 2136 quae
602 2043 758 2140 plurima
775 2043 813 2116 in
831 2041 987 2140 praefatis
1014 2044 1148 2116 inserta
1176 2043 1358 2138 reperient
1385 2044 1545 2118 lectores.

155 2155 217 2229 Me
230 2159 268 2230 in
281 2158 380 2232 hisce
399 2185 507 2256 quam
520 2164 731 2236 brevissime
745 2163 954 2237 disseruisse
969 2162 1014 2236 dc
1032 2163 1141 2235 rebus
1153 2161 1263 2260 gestis
1281 2162 1479 2250 civitatum,
1493 2189 1547 2234 or·

154 2291 241 2352 natu
257 2281 420 2377 pristino
439 2284 608 2379 illiusque
627 2310 708 2381 quae
725 2287 834 2359 hodie
853 2287 960 2360 obvia
983 2300 1067 2359 sunt
1084 2284 1255 2382 vestigiis,
1275 2283 1363 2370 dixi,
1377 2282 1544 2378 judicans

154 2398 193 2470 id
215 2425 289 2473 non
305 2400 382 2474 fore
404 2403 463 2475 vel
486 2403 709 2477 doctioribus
725 2405 915 2503 ingratum,
934 2427 1001 2476 nec
1018 2402 1184 2475 utilitatis
1201 2425 1329 2497 parum
1353 2401 1544 2474 allaturum

155 2519 200 2592 ad
217 2521 405 2596 titulorum
427 2525 588 2622 ipsorum
613 2526 900 2622 explicationem.
954 2524 1016 2600 Sic
1032 2525 1070 2597 in
1088 2522 1291 2619 Ephesinis,
1309 2521 1446 2595 notitiis
1464 2547 1547 2618 quae

155 2639 199 2711 ad
223 2643 463 2717 Artemisiaca
481 2658 644 2742 spectant
665 2646 888 2742 potissimum
917 2645 1127 2716 immoratus
1152 2668 1241 2728 sum,
1261 2640 1395 2739 quippe
1412 2642 1451 2714 in
1474 2643 1546 2739 epi-

154 2760 298 2857 graphis
319 2765 450 2837 nostris
474 2765 595 2838 locum
613 2767 844 2863 spectabilem
863 2766 1020 2838 maxime
1039 2764 1172 2836 sortita.
1225 2765 1268 2835 In
1288 2761 1479 2847 Sardianis,
1498 2762 1545 2836 ad

154 2887 311 2964 savorem
330 2906 367 2965 et
384 2887 602 2990 εὐεργεσίαν
615 2895 842 2991 Imperatorii
855 2895 1010 2967 nominis
1024 2893 1206 2991 praecipue
1222 2894 1378 2989 respexi,
1396 2894 1475 2967 haec
1491 2920 1544 2968 ra-

153 3023 209 3084 tus
226 3014 265 3084 in
289 3015 395 3088 titulo
412 3016 554 3114 insigni,
572 3017 635 3112 qui
655 3018 813 3094 Octavus
841 3028 1070 3102 memoratur,
1096 3014 1263 3099 eminere,
1286 3012 1372 3086 hinc
1398 3037 1542 3086 sensum

153 3131 229 3225 ejus
254 3145 291 3206 et
313 3148 574 3231 argumentum,
592 3135 704 3208 immo
731 3135 891 3209 criticam
914 3135 1039 3233 ipsam,
1057 3135 1193 3230 optima
1217 3158 1289 3229 qua
1305 3133 1384 3207 fieri
1401 3147 1543 3230 poterat

152 3254 288 3327 ratione
306 3256 481 3353 expediri.
526 3259 569 3330 In
582 3256 824 3355 Pergamenis,
842 3254 1019 3330 claritudo
1036 3253 1114 3349 ipsa
1132 3252 1361 3349 amplissimae
1375 3253 1541 3340 civitatis,

152 3374 213 3445 ubi
227 3375 484 3469 proconsulum
503 3374 606 3446 sedes
627 3386 664 3447 et
682 3373 889 3470 jurisdictio
906 3373 1075 3469 primaria
1092 3373 1413 3458 constituebantur,
1435 3371 1540 3446 facile

152 3495 243 3568 viam
257 3497 508 3593 complanavit,
521 3495 692 3591 reliquias
702 3496 782 3568 illas
796 3496 864 3568 aevi
877 3497 1032 3569 anteacti
1045 3495 1251 3595 magnificas
1265 3509 1367 3570 taceo
1381 3522 1463 3592 quae
1475 3522 1541 3595 per

152 3637 269 3688 arcem
283 3617 450 3689 turritam
464 3631 501 3689 et
513 3616 613 3691 Caici
627 3616 809 3688 convalles
820 3640 1037 3713 camposque
1050 3616 1136 3690 hinc
1149 3616 1235 3689 inde
1253 3641 1455 3713 conspersae
1468 3643 1542 3691 cer-

151 3751 294 3810 nuntur.
345 3739 533 3833 Nusquam
551 3737 752 3835 splendoris
765 3738 908 3835 pristini
925 3751 980 3811 tot
997 3753 1142 3834 tamque
1156 3737 1309 3835 insignia
1326 3761 1364 3810 se
1381 3739 1541 3834 produnt

152 3870 369 3952 argumenta,
387 3881 565 3951 nusquam
582 3855 674 3929 adeo
691 3857 815 3930 titulos
832 3858 1082 3954 imperatorios
1095 3860 1252 3932 illustrat
1269 3858 1373 3933 sedes
1386 3860 1465 3956 ipsa
1476 3861 1540 3933 im-

152 3976 375 4068 peratoribus
393 3976 496 4072 quasi
513 3975 664 4048 addicta.

223 4108 298 4181 Hic
319 4109 439 4205 reperi
459 4109 656 4182 bellissima
677 4109 934 4207 epigrammata
951 4104 1152 4206 ἁδριανεῖα,
1170 4133 1251 4205 quae
1272 4135 1457 4206 nunquam
1480 4139 1539 4187 an·

152 4231 214 4311 tea,
242 4238 420 4320 quatenus
446 4229 535 4302 mihi
563 4230 653 4304 scire
684 4231 846 4328 contigit,
871 4230 909 4304 in
936 4230 1054 4303 lucem
1077 4230 1300 4327 prodierunt.
1354 4233 1538 4325 Quantum

827 4349 854 4412 B
