3788 5092
391 413 452 474 202
817 405 1098 474 AUOTARIUM
1119 406 1358 476 NOTARUM.

392 543 538 650 Inrnz
552 633 558 645 .
572 589 646 649 ΚΑΙ
660 630 667 644 .
681 587 1020 649 ΑΠΕΛΕΥΘΕΡΟΙΣ
1033 630 1039 644 .
1054 587 1128 648 ΚΑΙ
1142 631 1149 646 .
1163 590 1362 652 ΑΝΤΩΝΙΟ
1376 632 1383 646 .
1397 592 1615 655 ΜΕΛΙΤΙΝΩ
1629 637 1635 649 .
1650 593 1714 653 ME

392 696 447 754 TA
461 738 468 751 .
481 697 586 755 ΤΗΣ.
602 694 826 755 ΓΥΝΑΙΚΟΣ
839 735 846 748 .
859 693 1031 782 ΟΜΟΙΑΣ
1044 735 1050 749 .
1065 693 1138 754 ΚΑΙ
1152 739 1159 751 .
1171 697 1349 756 ΤΕΚΝΩΝ
1367 698 1534 758 mnu
1547 742 1553 754 .
1568 699 1642 759 ΚΑΙ
1656 743 1662 756 .
1676 701 1776 760 ΠΑΜ

348 799 369 857 5
393 802 526 863 elnon
540 848 546 859 .
560 803 714 863 ΜΟΝΟΥ
729 845 735 860 .
750 802 1028 862 ΟΝΗΣΑΜΕΝΗ
1044 845 1050 858 .
1063 802 1117 862 ΤΟ
1132 846 1138 858 .
1153 803 1320 864 KAINON
1334 847 1340 859 .
1355 805 1543 864 ΑΓΓΕΙΟΝ
1561 806 1667 867 ,ΠΡΟ

392 909 653 969 ΚΟΝΝΗΣΙΟΝ
667 952 674 964 .
687 908 741 968 ΤΟ
756 951 762 963 .
776 907 891 968 ΚΑΤΑ
906 951 912 964 .
926 908 1009 967 ΤΟΥ
1023 950 1030 962 .
1044 908 1266 969 ΣΩΛΑΡΙΟΥ
1280 953 1286 965 .
1300 911 1519 971 ΜΗΔΕΝΟΣ
1532 954 1539 967 .
1554 913 1671 971 EXON

391 1015 475 1075 ΤΟΣ
488 1059 495 1071 .
510 1015 734 1079 ΕΞΟΥΣΙΑΝ
748 1057 755 1070 .
770 1014 937 1074 ΕΤΕΡΟΥ
951 1058 957 1071 .
972 1015 1064 1075 ΕΙΣ.
1078 1017 1131 1074 ΤΟ
1148 1015 1336 1076 .ΚΑ1ΝΟΝ
1350 1059 1357 1072 .
1371 1017 1580 1077 ΑΓΓΕΙΟΝ.

391 1121 584 1181 ΤΕΘΗΝΑΙ
596 1164 603 1178 .
614 1122 642 1180 Η
655 1160 662 1176 .
673 1119 831 1179 ΜΟΝΗΣ
841 1162 848 1175 .
859 1119 947 1179 ΤΗΣ
958 1103 1226 1182 .ΤΡΥΦΑΙΝΗΣ
1237 1166 1243 1180 .
1255 1123 1427 1185 ΟΜΟΙΩΣ
1439 1169 1446 1182 .
1458 1127 1584 1186 ΜΗΔΕ
1597 1171 1603 1182 .
1616 1128 1689 1188 ΕΙΣ
1701 1130 1788 1190 .ΤΟ.

391 1227 561 1287 ΕΤΕΡΟΝ
575 1271 582 1284 .
596 1226 787 1287 ΑΓΓΕΙΟΝ
801 1267 808 1284 .
821 1226 875 1286 ΤΟ
890 1270 896 1282 .
909 1227 1213 1288 ΠΡΟΓΟΝΙΚΟΝ.
1228 1231 1354 1290 ΜΗΔΕ
1368 1274 1374 1286 .
1388 1232 1751 1295 ΑΠΑΛΛΟΤΡΙΟΣΑΙ
1767 1280 1773 1292 .

330 1337 366 1395 10
390 1335 443 1394 ΤΟ
458 1378 464 1391 .
478 1335 628 1395 ΗΡΩΟΝ
642 1377 648 1390 .
661 1335 741 1394 ΟΣ.
756 1333 842 1393 ΕΑΝ
856 1377 863 1391 .
876 1334 948 1394 ΤΙΣ
961 1376 968 1390 .
982 1334 1098 1395 ΠΑΡΑ
1111 1378 1117 1392 .
1128 1336 1269 1397 ΤΑΥΤΑ
1283 1381 1289 1393 .
1303 1338 1516 1400 ΤΟΛΜΗΣΗ
1532 1385 1539 1397 .
1553 1343 1740 1405 ΠΟΙΗΣΑΙ
1757 1391 1764 1402 .

389 1441 625 1502 ΑΠΟΤΕΙΣΕΙ
641 1484 647 1496 .
661 1439 797 1500 ΜΗΤΡΙ
812 1484 818 1496 .
832 1440 951 1499 ΘΕΩΝ
965 1483 972 1495 .
986 1439 1215 1501 ΣΙΠΥΛΗΝΗ
1230 1486 1236 1498 .
1251 1444 1447 1506 ΔΗΝΑΡΙΑ
1461 1488 1468 1502 .
1482 1447 1558 1507 ΔΙΣ

389 1551 538 1610 XEIAIA
552 1594 557 1606 .
572 1548 855 1609 ΗΕΝΤΑΚΟΣΙΑ
869 1592 875 1604 .
890 1548 1063 1608 ΤΑΥΤΗΣ
1078 1592 1084 1604 .
1097 1549 1184 1609 ΤΗΣ
1198 1593 1204 1606 .
1220 1551 1493 1612 ΕΠΙΓΡΑΦΗΣ.

388 1656 628 1717 ΑΗΟΚΕΙΤΑΙ
643 1699 649 1712 .
663 1655 717 1715 ΤΟ
732 1699 738 1709 .
753 1653 1053 1715 ΑΝΤΙΓΡΑΦΟΝ.
1069 1656 1140 1716 ΕΙΣ
1154 1699 1160 1711 .
1173 1657 1227 1716 ΤΟ
1242 1699 1249 1714 .
1263 1659 1453 1719 ΑΡΧΕΙΟΝ
1469 1703 1475 1715 .
1490 1659 1746 1719 ΑΠΟΤΕΘΕΝ.

390 1767 463 1825 EIII
477 1807 484 1820 .
499 1764 852 1824 ΣΤΕΦΑΝΗΦΟΡΟΥ
866 1806 873 1818 .
887 1763 1036 1823 ΑΙΛΙΟΥ
1050 1808 1056 1820 .
1070 1765 1235 1826 ΒΙΟΝΟΣ
1249 1808 1256 1821 .
1269 1766 1427 1826 ΜΗΝΟΣ
1440 1810 1446 1821 .
1460 1765 1635 1825 ΤΡΙΤΟΥ.

816 1988 896 2054 PAo.
913 1991 982 2053 115.
1000 1986 1074 2052 Tlr.
1086 1987 1255 2053 XXXIII.
1270 2013 1301 2052 v.
1314 1993 1343 2053 3.

451 2117 670 2201 Ζωγράφησις.
715 2111 826 2200 Sponii
841 2113 920 2177 obse.
936 2110 975 2177 de
999 2135 1092 2199 opere
1115 2111 1237 2176 musivo
1260 2111 1373 2177 citatus
1387 2111 1422 2176 in
1436 2112 1495 2178 hac
1514 2125 1589 2178 nota
1602 2115 1784 2180 exscribere

386 2245 487 2308 operae
502 2220 638 2309 pretium
648 2219 750 2286 fuerit.
787 2219 946 2286 Laudavit
960 2219 1010 2284 vir
1023 2219 1163 2285 eruditus
1176 2220 1363 2286 Salmasium
1377 2221 1417 2286 ed
1428 2221 1512 2286 Hist.
1523 2222 1672 2310 August„
1687 2220 1782 2309 Spar-

386 2329 507 2394 tianum
529 2329 563 2394 in
583 2329 693 2418 Nigro,
715 2327 910 2394 Trebellium
934 2327 968 2391 in
988 2327 1116 2393 Tetrico
1130 2327 1267 2413 juniore,
1282 2326 1485 2394 Anastasium
1499 2327 1783 2395 Bibliothecerium

386 2436 425 2500 de
441 2435 550 2500 Romae
564 2435 716 2513 Basilicis,
731 2449 790 2503 etc.
806 2435 889 2513 dein,
909 2435 1107 2524 etymologia
1118 2435 1205 2500 vocis
1223 2435 1400 2513 constituta,
1422 2434 1542 2524 pergin
1565 2434 1783 2500 “Pavimcnta

386 2543 487 2629 operis
501 2542 622 2607 Musivi
636 2567 655 2607 a
669 2542 787 2608 Graecis
801 2545 1139 2630 Pst'plzoloqimatcw),
1156 2555 1188 2608 et
1201 2543 1429 2628 Psiplzoloqica
1447 2541 1647 2617 vocabantur,
1669 2564 1688 2604 a
1702 2542 1781 2604 Pri·

380 2651 471 2734 plum,
494 2648 579 2734 quod
601 2660 649 2714 est
665 2649 817 2734 lapillum
840 2648 917 2714 item
940 2660 972 2714 et
990 2649 1211 2724 Cdoudobolia‚
1232 2672 1252 2713 a
1269 2649 1423 2724 Ckoadoa,
1447 2646 1482 2710 id
1500 2659 1556 2722 eet,
1572 2669 1720 2732 qraaum,
1742 2669 1780 2710 eo

386 2757 470 2844 quod
485 2768 587 2822 essent
601 2757 788 2842 quandoque
803 2779 845 2821 ex
863 2754 1079 2820 minutissimis
1093 2755 1198 2844 granis
1216 2755 1404 2843 composita:
1426 2753 1548 2819 Latinis
1566 2752 1662 2818 ctiam
1676 2753 1781 2816 Paui-

385 2874 490 2928 menta
505 2863 647 2941 Sectilia,
663 2865 754 2948 Opas
770 2865 1026 2943 Quadratarium
1044 2864 1262 2940 Tercellatum,
1278 2874 1310 2927 et
1323 2865 1355 2928 V
1352 2861 1576 2936 ermiculatun
1593 2869 1653 2922 etc.¹

387 3080 418 3135 in
428 3078 547 3136 Dirum.
563 3095 592 3135 v.
606 3097 666 3154 cap.
681 3080 705 3133 l.
720 3098 747 3153 p.
760 3079 826 3140 374.
1105 3082 1141 3131 ut
1155 3073 1254 3131 Severi
1271 3071 1347 3129 illud
1365 3091 1448 3130 mem.
1462 3091 1479 3128 a
1491 3069 1652 3146 xiphinno,
1668 3086 1778 3127 cxxvi

427 3171 1063 3254 Dedi(0umvandu.)ouornninv.4.;sed
1105 3193 1134 3249 p.
1149 3171 1215 3232 868.
1240 3181 1270 3230 et
1292 3171 1341 3229 hio
1363 3191 1401 3228 ex
1424 3171 1613 3238 Proconneso,
1637 3189 1675 3226 ex
1699 3170 1781 3245 quali

387 3275 597 3351 praeferendum
605 3274 724 3332 videtur
732 3273 781 3350 (ut
791 3271 822 3328 in
829 3291 856 3328 v.
862 3267 903 3346 8.)
913 3275 1061 3326 ΟΜΟΙΩΣ.
1105 3272 1225 3329 materie
1238 3271 1366 3328 confecta
1375 3270 1434 3327 fuit
1444 3268 1569 3326 Mausoli
1578 3269 1681 3325 domus
1695 3268 1780 3325 Hali·

426 3375 626 3432 Memorcntur
638 3391 706 3429 vasa
714 3367 837 3452 (effla)
845 3377 875 3428 et
888 3369 1008 3436 avitum,
1020 3375 1058 3436 et,
1102 3371 1234 3439 camassi,
1246 3369 1438 3428 referentibus
1447 3367 1588 3425 Vitruvio
1598 3371 1644 3443 (11.
1657 3369 1684 3422 8.
1696 3364 1777 3440 p.64.

387 3473 466 3548 quod
486 3479 594 3531 emerat
616 3470 779 3550 Tryphaene
799 3470 869 3546 ipsa,
891 3487 1009 3536 novum,
1029 3468 1060 3524 in
1103 3465 1181 3545 Bip.)
1195 3477 1225 3524 et
1238 3466 1342 3534 Plinio,
1359 3481 1470 3522 xxxvr.
1481 3462 1509 3522 6.

386 3594 432 3630 vv.
446 3576 474 3632 5.
489 3577 516 3637 9.
557 3571 762 3644 Conjecturam
788 3567 851 3643 cepi
877 3585 914 3622 ex
941 3565 1058 3633 Piuseo,
1142 3559 1778 3640 Situstumulidesignaturinvnndvmus,

387 3671 573 3746 Lex.Aatr'qq.
582 3659 770 3744 v01.1.‘p.156.
779 3666 815 3724 dc
824 3683 892 3723 arca
902 3661 1058 3739 reprimi
1103 3667 1150 3724 vel
1172 3665 1270 3735 miter,
1293 3663 1434 3722 solarium.
1475 3663 1570 3720 Locus
1591 3681 1694 3738 nempe
1717 3672 1781 3720 erat

388 3787 445 3842 quo
464 3785 569 3843 corpus
586 3766 736 3841 integrum
755 3763 941 3821 condebatur.
982 3759 1060 3829 Quid
1103 3765 1180 3842 apud
1195 3765 1358 3843 smyrneos
1376 3763 1426 3832 ita,
1440 3762 1521 3820 utin
1534 3761 1633 3830 Roma,
1648 3761 1779 3838 designa·

388 3882 456 3920 vero
481 3863 506 3920 Si
531 3863 766 3936 interpretemur,
799 3875 913 3925 umam,
941 3857 972 3912 in
1003 3875 1061 3932 qua
1103 3873 1172 3922 tus:
1201 3885 1244 3941 cp.
1269 3865 1359 3923 CIcer.
1376 3883 1432 3938 pro
1454 3861 1549 3936 Quian
1576 3864 1620 3919 18.
1641 3862 1717 3919 med.
1742 3864 1781 3919 ad

387 3962 496 4019 cinerea
509 3960 662 4018 recondere
679 3959 816 4028 solebant,
832 3976 895 4034 quoe
909 3965 938 4016 et
950 3955 1059 4037 aanor&
1103 3960 1231 4020 Herm.
1246 3979 1288 4018 1v.
1307 3962 1350 4017 10.

388 4061 466 4138 apud
488 4057 622 4118 Grecos?
662 4059 748 4118 Certe
770 4058 802 4115 in
826 4058 886 4115 titt.
911 4057 1060 4133 scpulcral.
1144 4060 1190 4138 (a)
1203 4060 1323 4135 Nempe,
1348 4056 1571 4132 ψηφιλογέμιιτι,
1596 4065 1651 4114 etc.
1693 4057 1780 4126 Quod

387 4161 457 4218 telin
470 4161 534 4217 obv.
548 4168 718 4225 cernuntur,
732 4177 778 4216 ex.
791 4177 815 4215 c.
827 4158 857 4214 in
868 4156 1061 4214 Alabandeus.
1106 4156 1208 4214 scribit
1222 4154 1348 4232 Sponius
1363 4152 1495 4222 Okoadon
1511 4162 1573 4210 erat
1588 4149 1699 4234 χόνδρος.

387 4259 540 4328 Fellowsii‚
552 4259 608 4315 vol.
619 4275 648 4315 11.
660 4256 740 4334 p.57.
762 4257 924 4316 Marmorea
937 4275 1059 4332 quoque,
