3676 5100
717 443 902 510 SARDES.
1442 449 1498 515 167

114 619 214 698 αο(α).
258 615 385 692 Contra,
401 627 433 681 et
451 646 481 684 αι
496 639 553 704 pro
572 645 585 684 ε
604 615 731 681 solitum
750 629 824 692 erat,
840 628 877 681 ut
896 615 1068 694 ἆναινεώθη
1083 639 1140 704 pro
1159 616 1326 698 ἀνενεώθη,
1341 617 1375 682 in
1395 617 1441 683 tit.
1457 643 1498 685 ex

112 721 186 787 meis
200 720 492 809 Aprodisiensibus(
513 729 535 808 ).

719 896 801 960 Iam.
817 916 847 959 v.
861 897 890 964 7.

169 1025 431 1111 (θαυμασιωτάτῳ.
478 1021 568 1088 Ocni.
586 1021 704 1112 Euclea.
722 1021 902 1110 Smymens,
919 1020 1019 1109 Epist.
1042 1021 1081 1087 de
1103 1020 1252 1108 martyrio
1272 1019 1440 1109 Polycarpi
1463 1021 1496 1086 in

111 1126 224 1192 Euseb.
240 1125 323 1192 Hist.
339 1145 383 1190 Π.
400 1128 448 1191 16.
464 1127 559 1203 οὗτος
578 1131 711 1213 γέγονεν
727 1130 745 1192 ὁ
761 1124 1015 1211 θαυμασιώτατος
1035 1131 1069 1194 ἐν
1088 1135 1156 1202 τοῖς
1175 1124 1242 1193 καθ’
1256 1127 1339 1210 ἡμᾶς
1354 1128 1496 1214 χρόνοις,

113 1264 136 1300 κ.
152 1263 179 1298 τ.
195 1232 228 1299 λ.

474 1323 492 1359 U
581 1322 599 1358 ff
687 1324 705 1357 ἱ
794 1324 811 1358 R
900 1321 917 1356 1
1007 1325 1024 1358 ff
1112 1324 1130 1357 G

173 1423 306 1501 Titulos,
318 1423 374 1510 qui
388 1435 569 1510 sequuntur,
586 1421 626 1486 ad
639 1444 687 1486 res
700 1419 865 1488 Sardianas
879 1433 1060 1508 spectantes,
1075 1420 1109 1484 in
1121 1420 1258 1488 fructum
1269 1419 1441 1510 legentium
1455 1445 1497 1486 ex

111 1529 195 1596 libris
211 1528 323 1618 Sponii
338 1541 371 1595 et
384 1528 517 1595 aliorum
531 1527 680 1615 congessi.

786 1727 824 1806 b.

493 1884 598 1944 ΦΙΛΗ
613 1928 620 1940 .
633 1883 820 1944 ΤΙΜΩΛΙΣ
833 1877 892 1957 .(c)
907 1882 1072 1942 ETEIMH

493 1993 579 2052 ΣΕΝ
593 2035 600 2049 .
615 1993 670 2052 ΕΚ
684 2035 691 2049 .
704 1992 791 2053 ΤΩΝ
806 2035 813 2048 .
827 1991 951 2051 ΙΔΙΩΝ
966 2033 972 2046 .
986 1991 1084 2050 ΤΙΒΕ

495 2094 594 2154 PlON
610 2137 617 2150 .
631 2093 797 2155 Knlzffl

146 2301 190 2379 (a)
204 2302 270 2360 Vol.
285 2320 315 2360 11.
331 2303 420 2360 Inscr.
434 2321 464 2360 n.
478 2305 541 2360 124.
555 2323 583 2359 v.
598 2305 642 2362 10.
659 2323 686 2380 p.
698 2301 764 2362 386.
821 2301 882 2360 basi
896 2301 997 2359 colossi
1009 2301 1156 2359 Tiberiani
1166 2301 1243 2359 inter
1256 2303 1344 2360 urbes
1354 2321 1425 2378 quas
1435 2310 1493 2359 ter·

144 2399 186 2476 (b)
202 2400 259 2457 Hic
272 2410 302 2458 et
314 2398 492 2457 aFellowsio
506 2397 603 2468 datur,
615 2417 643 2455 u
656 2418 678 2456 s.
692 2418 720 2475 p.
731 2401 778 2458 35.
821 2417 860 2457 rae
882 2409 978 2456 motus
999 2399 1201 2458 labefactavit”
1220 2401 1352 2477 (Eckhel.
1371 2402 1428 2459 vol.
1448 2417 1491 2459 111.

109 2511 136 2557 et
148 2521 166 2558 a
179 2498 317 2557 Boeekhio
330 2499 362 2556 in
376 2497 442 2556 c.L
456 2517 484 2554 n.
496 2495 581 2560 2746.
821 2516 849 2573 p.
865 2495 951 2574 133),
963 2497 1048 2571 cujus
1059 2498 1172 2554 nummi
1185 2497 1325 2556 exhibent
1336 2507 1493 2556 ΤΜΩΛΕΙ-

145 2598 186 2676 (c)
200 2595 322 2674 Τιμλῖς.
345 2597 480 2656 Titulum
502 2616 539 2655 ex
563 2615 627 2654 arce
641 2595 780 2654 Sardiano
823 2603 906 2654 ΤΩΝ.
949 2596 1091 2654 Memorat
1112 2604 1142 2655 et
1162 2596 1242 2654 hunc
1262 2596 1418 2655 historicus
1432 2597 1494 2673 (ubi

107 2698 250 2774 descripsi.
293 2695 480 2772 Conspicitur
492 2702 524 2752 et
536 2695 567 2751 in
578 2692 680 2770 Sponii
692 2693 776 2761 libro,
821 2691 923 2770 supra)
937 2694 1014 2752 inter
1027 2697 1115 2754 urbas
1128 2695 1207 2754 Asiae
1221 2696 1329 2772 quibus
1349 2715 1431 2774 opem
1445 2709 1493 2755 tu·

106 2797 160 2854 vol.
176 2814 194 2854 1.
209 2816 237 2872 p.
254 2797 321 2854 332.
337 2803 366 2854 et
379 2795 410 2852 in
425 2792 552 2862 Smithii,
568 2791 706 2868 Oonapeat.
723 2809 775 2850 vn.
821 2794 894 2852 lerat
914 2793 946 2850 in
969 2792 1096 2852 adversis
1116 2794 1293 2871 imperator;
1321 2805 1352 2854 et
1372 2797 1494 2856 fortasse

106 2895 207 2954 dioclea.
222 2915 251 2972 p.
267 2897 332 2953 338.
373 2894 514 2969 Uterque,
529 2902 559 2950 et
572 2891 618 2970 (b)
632 2902 663 2950 et
676 2891 727 2971 (c),
742 2891 778 2949 de
820 2893 918 2951 ecdem
942 2893 1102 2969 respiciunt
1125 2903 1155 2953 et
1173 2893 1326 2971 Sponiana.
1367 2895 1424 2954 Sed
1444 2917 1494 2955 ex·

105 2993 229 3050 civitatis
249 2989 295 3049 lue
316 2991 385 3067 agit,
408 3009 495 3065 quam
516 2989 548 3046 in
561 2989 667 3046 Annal
683 3006 716 3045 rr.
730 2987 776 3051 47.
819 2993 994 3070 portandum
1007 2993 1082 3050 foret
1094 2993 1148 3050 hac
1165 2994 1277 3051 ratione
1290 3001 1493 3052 ΤΙΜΩΛΙΤΙΣ.

106 3101 244 3148 memorat
253 3090 470 3158 Tacitusmonf.
480 3089 676 3166 prefationem
685 3107 778 3147 meam
861 3092 1014 3168 Scriptura
1030 3090 1155 3149 Timolus
1175 3091 1235 3170 (vel
1252 3091 1403 3168 Tyrodiza),
1426 3113 1492 3151 con·

106 3188 139 3244 ad
161 3188 223 3244 titt.
238 3186 399 3254 Sardianos,
420 3188 517 3263 pti,
539 3199 569 3244 et
588 3195 661 3244 nott
680 3187 716 3246 ad
729 3186 777 3244 tit.
821 3188 944 3264 spiritur
965 3186 996 3242 in
1018 3185 1102 3243 Ouid
1116 3185 1231 3244 Metam.
1248 3204 1289 3245 va
1308 3189 1352 3246 15.
1395 3187 1493 3245 Habet

107 3304 171 3344 vui.
186 3286 353 3364 (immerito,
371 3294 407 3343 ut
426 3295 511 3344 antea
523 3286 594 3354 dixi,
609 3285 678 3344 huic
699 3287 778 3344 artati
821 3288 922 3345 Cicero
937 3283 1085 3354 Timolites,
1100 3284 1132 3341 in
1146 3285 1222 3344 Orat.
1230 3305 1286 3361 pra
1298 3285 1391 3344 Fbrac.
1406 3303 1448 3344 111.
1463 3297 1492 3346 et

106 3382 268 3461 addictum)
280 3405 327 3443 vv.
343 3389 370 3443 3.
385 3383 412 3444 6.
820 3383 944 3452 Plinius,
959 3379 1171 3450 Mesotimotiroe,
1186 3381 1218 3438 in
1232 3399 1262 3438 v.
1274 3385 1320 3442 30.

142 3489 258 3562 Tepelte
278 3486 357 3543 varie
374 3485 464 3562 accipi
476 3494 586 3562 potest;
608 3485 777 3563 simpliciter
859 3479 1042 3557 Exquisitior
1061 3487 1105 3538 est
1124 3479 1265 3538 sententia
1287 3479 1434 3538 civitatem
1447 3482 1491 3558 ip·

104 3601 156 3656 pro
178 3583 294 3640 nomine
317 3580 469 3656 cujusdam
483 3582 594 3640 feminae
614 3603 686 3659 quaa,
710 3602 777 3641 cum
820 3600 880 3639 sam
911 3578 1078 3638 Sardianam
1111 3576 1255 3652 designari
1287 3595 1339 3653 per
1366 3574 1490 3651 Τιμαλίς.

104 3679 205 3736 ceteris
219 3678 375 3748 Sardianis,
395 3679 617 3739 benivolentiam
638 3682 776 3760 principis
820 3679 906 3737 Certe
927 3677 960 3733 in
982 3675 1109 3734 nummis
1130 3675 1305 3751 quibusdam
1327 3679 1490 3735 autonomis

103 3786 223 3854 experta
235 3778 339 3836 fuerat.
380 3779 480 3838 Verba
492 3780 593 3858 Sponii
606 3793 684 3853 sunt,
694 3793 776 3858 pcat-
819 3779 883 3836 obv.
890 3775 980 3853 epigr.
988 3783 1150 3844 ΤΜΩΛΟΟ,
1159 3783 1195 3832 ut
1203 3783 1316 3834 constat
1323 3795 1360 3850 ex
1368 3776 1488 3836 Eckhel.

103 3875 157 3932 Stre
170 3875 309 3933 inhiante
325 3876 365 3932 du
382 3875 502 3946 Tmolus,
518 3887 548 3935 et
567 3888 645 3936 certe
664 3899 775 3956 compa-
819 3897 848 3935 u.
859 3896 880 3934 s.
894 3896 922 3953 p.
936 3877 1000 3935 113.

102 3974 160 4030 rari
182 3983 279 4050 potest
301 3993 369 4032 cum
392 3981 509 4044 λακαής,
537 3988 567 4034 et
591 3978 686 4035 simill.
728 3978 777 4036 Sic
857 3975 1017 4050 Utcunque
1037 3991 1082 4029 res
1095 3971 1192 4040 suerit,
1208 3969 1431 4028 illustrationem
1452 3993 1488 4030 ex

104 4071 199 4150 Ζμῖφαι
213 4074 244 4130 in
258 4075 304 4131 tit
320 4074 464 4132 Leakiano
478 4076 526 4133 cit
540 4077 571 4134 in
585 4077 660 4135 libro
675 4077 774 4134 Arun·
817 4075 872 4132 hoc
892 4074 982 4131 titulo
1003 4071 1122 4148 capiunt
1142 4078 1172 4128 et
1193 4069 1298 4127 Strabo
1318 4079 1349 4127 et
1370 4072 1489 4130 Tacitus

100 4170 177 4240 delli,
201 4191 229 4248 p.
252 4175 319 4235 307.
368 4173 426 4232 Sed
449 4185 479 4232 et
500 4185 563 4232 erat
586 4177 686 4234 “urbs
708 4195 774 4233 oum
817 4173 894 4230 inter
915 4180 1005 4229 auctt.
1028 4169 1106 4227 citat.
1125 4188 1153 4245 p.
1168 4170 1224 4237 43,
1240 4187 1350 4227 necnon
1362 4190 1488 4230 marmor

99 4277 198 4326 monte
212 4270 389 4344 cognomine,
401 4289 465 4346 quoe
479 4290 593 4347 quoque
604 4273 774 4332 inscribitur
818 4269 1020 4336 Puteolanum,
1036 4265 1114 4341 quod
1128 4265 1273 4325 demotum
1287 4267 1346 4326 suit
1364 4270 1395 4326 in
1414 4290 1488 4328 anno
