3676 5100
688 463 952 532 LAODIOEIA.
1454 465 1512 528 149
1569 533 1571 538 .

188 633 280 699 AEtas
294 633 425 720 hujusce
439 633 649 723 inscriptionis
664 661 707 702 ex
721 637 824 704 verbis
842 637 1023 704 ineuntibus
1042 659 1075 704 se
1095 635 1209 725 prodit,
1229 659 1270 702 sc.
1285 634 1327 701 U.
1340 634 1377 701 G.
1393 635 1465 698 832.
1481 645 1513 698 et

123 740 158 805 P.
175 739 212 805 C.
226 743 286 818 79,
303 765 401 806 annus
415 764 529 828 nempe
544 765 607 827 quo
621 756 756 830 gesserat
770 742 965 808 consulatum
980 765 1052 808 cum
1068 739 1145 806 Tito
1156 740 1376 828 Vespasianus.

186 846 342 913 Notabilis
361 871 453 935 porro
469 860 515 912 est
534 872 563 912 v.
580 848 636 913 ult.
652 863 779 937 propter
796 850 969 936 Trajanum
987 849 1202 938 proconsulem
1222 860 1437 923 memoratum,
1458 845 1513 932 qui

123 951 296 1018 dedicando
319 967 523 1019 monumento
546 953 697 1033 interfuit,
723 956 969 1022 cerimoniarum
993 956 1127 1022 antistes.
1171 955 1220 1019 At
1242 953 1312 1040 quis
1332 953 1512 1038 Trajanus?

122 1060 235 1128 Procul
250 1060 347 1127 dubio
363 1061 417 1147 qui
432 1075 624 1149 propraetore
637 1059 737 1149 Syriae
751 1060 916 1149 praefuerat
933 1061 968 1125 in
990 1083 1072 1126 anno
1095 1060 1136 1126 U.
1153 1057 1190 1124 G.
1207 1063 1280 1134 829,
1295 1070 1446 1146 regnante
1462 1055 1510 1118 Fl.

123 1163 375 1252 Vespasianus),
392 1187 486 1250 quem
501 1164 638 1252 appellat
652 1163 774 1229 Plinius
785 1163 967 1242 Patricium,
984 1162 1196 1240 Consularem,
1213 1160 1468 1250 Triumphalem(
1488 1164 1512 1241 ),

123 1283 154 1334 at
167 1269 226 1334 filii
240 1269 434 1357 imperatoris
449 1269 549 1358 pietas
564 1269 604 1335 ad
618 1270 729 1336 oaelum
744 1273 947 1351 evexerat(e).

184 1375 311 1441 Errasse
325 1375 397 1440 ideo
416 1375 543 1441 videtur
561 1376 705 1464 Sponius,
725 1374 828 1462 quiin
843 1375 904 1441 hoc
922 1386 1125 1440 monumento
1144 1373 1305 1440 tractando
1321 1373 1360 1438 de
1376 1371 1512 1456 Trojano

123 1480 187 1547 lilio
200 1480 327 1570 cogitat.
370 1482 463 1546 AEtas
474 1483 542 1568 ejus
552 1481 587 1546 in
602 1503 684 1548 anuo
699 1495 770 1548 ante
783 1480 867 1547 dicto
882 1479 1004 1546 muneri
1019 1478 1230 1568 proconsulari
1246 1505 1310 1544 non
1330 1477 1511 1561 sufficit(d):

123 1609 179 1652 neo
193 1585 343 1651 idoneum
367 1584 439 1650 satis
463 1599 682 1674 argumentum
705 1584 869 1674 profertur,
893 1585 977 1672 quod
991 1609 1107 1652 nomen
1120 1585 1240 1651 illustre
1259 1599 1368 1675 postea
1380 1585 1414 1650 in
1429 1584 1513 1649 fastis

123 1691 344 1758 consularibus
358 1692 519 1780 reperitur,
535 1716 658 1782 nempe,
673 1693 803 1759 florente
819 1693 1011 1772 Domitiano,
1026 1693 1060 1758 in
1076 1718 1157 1760 anno
1172 1695 1213 1761 U.
1228 1695 1265 1762 Ο.
1277 1699 1349 1760 844.

799 1913 837 1993 b.

337 2063 501 2124 MNHMA
516 2107 522 2121 .
536 2065 871 2128 ΜΟΝΟΜΑΧΙΔΩΝ
885 2109 891 2122 .
906 2067 1145 2127 ΔΟΘΕΝΤΩΝ
1159 2110 1166 2124 .
1179 2067 1286 2127 ΥΠΟ.

335 2172 584 2234 ΑΡΧΙΕΡΕΩΣ
598 2217 605 2230 .
620 2174 692 2234 ΚΑΙ
707 2218 714 2231 .
728 2176 1082 2236 ΣΤΕΦΑΝΗΦΟΡΟΥ
1097 2176 1283 2256 .ΔΙΟΚΛΕ

335 2278 420 2338 ΟΥΣ
433 2322 441 2338 .
453 2279 558 2338 ΤΟΥ.
573 2281 827 2341 ΔΙΟΚΛΕΟΥΣ
841 2324 849 2341 .
865 2283 948 2341 ΤΟΥ
962 2326 969 2338 .
983 2282 1180 2343 ΜΗΤΡΟΦΙ

338 2383 443 2442 ΛΟΥ.

187 2544 434 2633 Μονομαχίδων.
479 2545 568 2612 Editi
582 2571 695 2636 nempe
706 2547 830 2615 fuerant
843 2549 911 2614 ludi
926 2574 944 2616 a
959 2548 1070 2616 Diocle
1084 2549 1118 2614 in
1133 2549 1247 2637 quibus
1261 2549 1429 2617 certamina
1440 2551 1512 2635 μία-

124 2655 262 2716 diutoriu
278 2651 466 2716 eminebant.

186 2760 334 2827 Ceterum
348 2761 401 2826 hio
423 2760 601 2849 ablegatum
617 2762 713 2827 velim
729 2773 768 2840 Δ,
783 2777 819 2828 ut
834 2764 874 2830 sit
890 2773 922 2832 M
926 2773 1203 2834 ΟΝΟΜΑΧΙΩΝ.
1248 2765 1353 2832 Voces
1368 2764 1512 2831 Herodo-

125 2881 180 2933 teae
194 2881 267 2931 sunt
280 2871 517 2955 μουνομαχέειν,
532 2871 733 2956 μουνομαχίη
749 2873 821 2952 (vn.
839 2873 917 2946 104,
933 2889 977 2933 vr.
991 2873 1067 2951 92),
1084 2893 1152 2955 quae
1168 2883 1200 2935 et
1213 2874 1415 2959 μονομάχιον
1430 2869 1513 2957 apud

123 2973 305 3040 recentiores
317 2973 451 3050 Graecos‚
467 2971 568 3059 deque
583 2973 782 3040 contentione
797 2973 981 3062 gladiatoria
996 2975 1080 3041 dicta
1093 2976 1162 3041 fuit.

187 3079 348 3144 illustrant
370 3102 436 3144 rem
458 3078 521 3143 Dio
547 3078 581 3143 in
603 3100 696 3144 xarrr.
714 3085 764 3146 22.
783 3086 833 3146 23.
877 3082 1024 3170 Ἀνδρῶν
1049 3084 1254 3172 ὁπλομαχίας
1273 3087 1418 3162 ἐποίησεν
1430 3135 1510 3147 ·····

123 3192 195 3265 τοὺς
208 3185 357 3274 δ’ὄνδρας
369 3184 549 3274 συνίβολλε
563 3193 619 3273 μὲν
631 3195 680 3256 καί
696 3191 749 3256 ἕνα
761 3192 806 3256 ἑνὶ
821 3193 854 3258 ἐν
868 3195 907 3278 τῇ
919 3191 1033 3278 ἀγορᾷ,
1047 3193 1151 3279 ὥσπερ
1167 3189 1283 3257 εἴθιστο
1295 3241 1301 3253 .
1313 3240 1319 3252 .
1331 3238 1338 3252 .
1350 3239 1356 3253 .
1367 3179 1417 3256 καί
1430 3217 1512 3264 τινες

125 3300 172 3360 καὶ
195 3298 260 3362 τῶν
283 3295 403 3359 ἱππίων
414 3342 420 3355 .
433 3343 438 3354 .
451 3342 457 3355 .
469 3342 476 3355 .
487 3295 732 3383 ἐμονομάχησαν
746 3348 753 3360 .
765 3345 772 3360 .
784 3347 791 3360 ,
803 3347 809 3360 .
821 3297 983 3362 Herodian
998 3319 1021 3362 1.
1041 3302 1087 3361 15.
1107 3295 1335 3380 μετοικισθῆναι
1357 3294 1510 3383 ἐβούλετο

125 3402 167 3475 είς
180 3400 217 3465 τὸ
232 3402 296 3464 τῶν
314 3400 510 3486 μονομάχων
531 3403 739 3488 καταγώγιον.
785 3400 869 3466 Dein
887 3414 995 3468 statuae
1011 3400 1244 3466 Commodianae
1263 3399 1373 3465 titulus
1393 3422 1510 3464 memo-

123 3517 214 3580 ratur,
232 3506 452 3593 Μονομᾶχους
468 3506 596 3594 χιλίους
613 3513 808 3587 νικήσαντος.

185 3611 264 3691 Quae
279 3611 406 3696 subjicit
421 3612 483 3675 Dio
498 3613 531 3676 in
546 3638 573 3679 o.
590 3619 641 3680 23.
657 3616 696 3682 de
716 3642 823 3707 pugna
838 3618 981 3706 gregaria
1003 3631 1129 3684 revocat
1150 3628 1288 3682 mentem
1312 3615 1352 3682 ad
1367 3614 1510 3681 Suetonii

122 3713 306 3802 gladiatores
329 3721 520 3780 cateruarios
544 3716 578 3781 in
599 3717 710 3785 Octav.
727 3742 799 3786 xxv.
816 3721 907 3787 Conf.
924 3722 1025 3811 Calig.
1042 3743 1121 3787 xxx.
1166 3721 1252 3786 Hinc
1275 3720 1322 3786 vis
1345 3721 1510 3809 peculiaris

124 3820 233 3886 Graeco
248 3820 370 3885 nomini
385 3820 479 3886 adest.

120 3995 151 4050 in
161 3994 219 4052 fine
228 4003 390 4052 Marxor.
404 4004 569 4054 ΟΥΛΠΙΟΥ
580 4041 587 4053 .
597 4008 794 4058 ΤΡΑΙΑΝΟΥ.
839 4019 880 4059 vl.
894 4004 961 4060 434.

123 4090 214 4148 Imm.
228 4094 315 4168 antiq.
329 4112 358 4169 p·
368 4096 414 4152 30.
877 4101 918 4175 (b)
933 4102 1008 4160 Plin.
1024 4102 1145 4160 Secund.
1160 4101 1302 4177 Ραιιεμμν.
1318 4119 1358 4159 1x.

160 4188 206 4266 (a)
218 4191 286 4248 vid.
295 4190 414 4250 Eckhel.
426 4190 476 4270 (ex
487 4193 640 4270 Spanhem.
652 4202 681 4251 et
692 4194 793 4252 Museo
876 4199 916 4276 (c)
931 4200 1049 4258 Eckhel
1064 4221 1093 4258 u.
1105 4221 1126 4258 s.
1142 4218 1182 4257 vr.
1195 4203 1261 4259 433.

121 4291 337 4369 Pembrokian.)
358 4293 413 4352 vol.
428 4311 471 4353 111.
489 4316 516 4372 p.
532 4299 598 4354 282.
619 4297 791 4372 itermnque,
877 4297 923 4376 (d)
938 4299 1012 4358 Ibid.
1027 4319 1054 4376 p.
1069 4302 1136 4360 435.
