3818 5094
418 472 458 535 98
980 463 1254 530 PERGAMUM.
1603 465 1727 545 [meon.
1744 484 1823 528 xxv.

416 637 466 705 3ιᾶ
481 635 594 712 ἐξόδου
610 635 835 724 σεινδρομητῆς
1009 641 1040 704 vl
1062 667 1100 704 κα
1136 638 1280 724 ἀργυροῦ
1295 640 1403 723 ἱερέως
1420 634 1513 703 ..δον
1530 643 1579 705 καὶ
1595 634 1819 724 πρεσβυτέρου

421 747 463 812 ἔτ.
479 744 580 832 ,αὲνγ’
596 743 749 831 νουεμβρ.
765 742 798 830 γ’
1135 746 1169 809 ἐν
1185 743 1346 828 περγάμῳ.

687 953 1010 1014 ANNOTATIONES
1032 951 1206 1010 CRITICAE
1227 952 1280 1009 ΕΤ
1300 952 1553 1012 EXEGETICAE.

419 1089 502 1140 tusto
529 1074 704 1164 συνδρομὴ,
730 1074 921 1163 σῦνδρομος,
952 1098 1016 1139 non
1043 1073 1096 1150 ita,
1141 1072 1294 1160 ignorare,
1304 1096 1362 1138 nec
1378 1072 1507 1161 peritior
1515 1073 1577 1140 fuit
1586 1075 1690 1140 bonus
1698 1073 1822 1162 hospes

420 1182 522 1260 credo,
539 1181 769 1269 συνδρομητός.
1141 1177 1239 1244 Dixit
1261 1179 1480 1244 tantummodo
1503 1203 1620 1246 nomen
1644 1179 1824 1247 Sacerdotis

462 1286 565 1373 Atqui
576 1287 637 1353 hoc
646 1285 774 1352 levioris
789 1285 941 1350 momenti
957 1297 1012 1361 est,
1025 1307 1098 1348 nam
1141 1284 1284 1363 indicari,
1314 1285 1369 1350 sed
1398 1299 1514 1364 notam,
1548 1286 1615 1352 sive
1640 1287 1822 1375 symbolum

419 1415 525 1459 sensus
537 1391 737 1458 manifestum
748 1414 781 1456 se
791 1391 906 1479 prodit,
917 1393 1099 1476 crepatione
1141 1389 1238 1456 fuerit
1251 1391 1317 1457 sive
1332 1391 1431 1469 litera,
1447 1390 1606 1479 explicare
1622 1417 1687 1459 non
1708 1394 1822 1480 potuit.

412 1501 512 1584 facta
535 1503 607 1564 aeris
630 1501 788 1574 collatini,
804 1497 906 1585 posito
922 1495 1008 1582 quod
1024 1526 1098 1564 συν-
1143 1497 1237 1564 Certe
1252 1520 1317 1561 non
1339 1496 1476 1562 multum
1496 1496 1628 1562 aforma
1643 1497 1822 1584 antiquiore

422 1602 524 1688 ὃρορὴ
539 1601 621 1668 inter
641 1600 829 1668 recentiores
853 1599 1022 1686 antiquiori
1038 1605 1098 1668 εἰσ·
1142 1610 1198 1670 τοῦ
1220 1611 1246 1670 Σ
1271 1601 1402 1680 abludit,
1429 1603 1555 1689 qualem
1576 1602 1611 1667 in
1639 1603 1823 1694 epigraphis
1864 1677 1868 1680 ,

424 1715 510 1796 φορᾷ
522 1707 739 1795 respondebat.
1142 1709 1393 1775 Atheniensibus
1408 1709 1575 1799 saepissime
1589 1711 1752 1798 conspexi.

464 1812 648 1880 Notandum
674 1825 721 1878 est
748 1836 842 1900 porro
872 1813 912 1878 de
941 1812 1100 1879 scribendi
1187 1820 1217 1880 4.
1235 1816 1304 1882 ’'Er.
1318 1815 1388 1881 be.
1406 1817 1507 1897 ἔτους,
1523 1819 1556 1883 ἐν
1577 1815 1642 1884 ἔτει.
1687 1816 1737 1881 At
1752 1815 1823 1901 quia

421 1918 525 1997 mode,
545 1918 702 1985 consimili
721 1941 798 1983 sono
823 1918 927 1984 efferri
949 1918 1100 1984 aGraeois
1144 1925 1272 1984 annus?
1316 1917 1413 1983 Dixit
1438 1925 1456 1986 ὁ
1480 1925 1698 2007 πρωτοπαπᾶς
1726 1919 1822 2008 clay,

420 2023 662 2091 iotacizantibus
688 2053 706 2090 υ
730 2036 763 2090 et
786 2053 822 2104 ει,
842 2023 918 2088 hinc
937 2023 1100 2111 probabile
1143 2037 1176 2089 et
1193 2023 1288 2090 fuisse
1308 2025 1388 2089 1653
1406 2024 1441 2089 P.
1455 2024 1491 2090 O.
1537 2025 1610 2091 Hoc
1633 2025 1822 2112 neutiquam

421 2154 485 2196 esse
500 2130 670 2218 lapicidam
690 2130 742 2195 vel
763 2128 956 2196 incuriosum
975 2129 1027 2194 vel
1047 2153 1099 2196 ru-
1143 2149 1216 2191 cum
1227 2125 1347 2191 ratione
1361 2138 1515 2204 notarum,
1528 2126 1629 2213 qualis
1643 2129 1821 2194 communi-

422 2237 495 2302 dem
509 2236 544 2300 in
559 2259 694 2302 errorem
709 2233 864 2301 incidisse.
1143 2245 1191 2298 ter
1212 2232 1389 2310 innotescit,
1414 2233 1579 2321 conspirat.
1624 2234 1755 2299 Admisi
1775 2249 1822 2300 ts·

464 2344 549 2406 Ibid.
572 2343 745 2429 Ἀργυροῦ.
783 2339 913 2407 Rectius
926 2342 1100 2429 Ἀργΰρου,
1143 2360 1217 2403 men
1240 2340 1318 2405 ἑκὼν
1342 2338 1466 2408 ἆέκονπί
1484 2369 1521 2427 γε
1538 2339 1635 2427 θυμῷ,
1651 2340 1722 2406 viro
1744 2343 1821 2407 ami-

422 2443 474 2508 val
489 2443 523 2507 in
538 2442 649 2531 lingua
663 2442 764 2528 qualis
778 2466 864 2508 nunc
879 2441 1015 2508 effertur.
1061 2444 1100 2508 In
1144 2442 1268 2509 cissimo
1284 2444 1484 2529 obsequutus.
1530 2445 1663 2512 Restant
1677 2448 1821 2514 conside-

423 2559 627 2611 monumento
642 2559 732 2612 extat
747 2553 1001 2636 περισπωμένως.
1143 2550 1241 2616 nanda
1252 2549 1290 2628 α’,
1300 2549 1341 2637 φ’,
1353 2551 1395 2638 χ’,
1408 2573 1541 2637 quorum
1557 2552 1731 2618 secundum
1744 2578 1822 2642 prae·

467 2652 555 2734 Quid
572 2665 644 2740 post
662 2655 769 2740 ἱερέως
784 2653 896 2720 venit?
926 2652 1024 2720 fateor
1048 2677 1099 2720 me
1144 2654 1278 2722 tulerim.
