3818 5094
504 441 750 509 PRAEFATIO
771 441 838 506 AD
860 437 1121 510 LECTOREM.
1468 445 1502 506 ll

118 613 411 710 conspicerentur
422 615 548 690 formae
559 615 944 712 distortaefoedataeque
960 646 968 708 ;
987 612 1102 687 nihilo
1119 611 1233 712 magis
1250 613 1449 702 ferendum,
1463 629 1506 689 ut

118 737 257 810 occasio
279 763 353 811 non
370 737 518 812 daretur
534 737 670 836 ingenii
691 735 887 810 exercendi
903 735 947 807 iis
971 758 992 807 a
1014 756 1170 829 quorum
1194 756 1262 830 ope
1287 745 1324 806 et
1340 733 1505 808 doctrina

118 880 174 930 me
187 855 345 932 fructum
362 871 619 958 percepturum
631 858 865 933 vehementer
878 881 991 954 spero.
1027 855 1083 926 Ne
1096 877 1205 950 porro
1218 855 1349 927 erroris
1367 853 1506 951 aliquid

119 977 361 1066 subnascatur,
378 990 543 1052 notatum
569 977 662 1064 volo,
685 1001 744 1050 me
761 1001 827 1075 per
842 976 965 1049 literas
992 972 1197 1047 minutatim
1213 973 1343 1048 fractas
1371 1000 1508 1050 correc-

118 1098 234 1172 tiones
247 1100 409 1197 proprias
422 1098 638 1198 designasse,
652 1097 846 1195 aliquando
859 1097 977 1184 etiam,
991 1094 1112 1192 qualia
1124 1093 1323 1168 identidem
1340 1095 1507 1169 obvenie-

118 1218 213 1305 bant,
230 1220 409 1295 elementa
425 1221 513 1318 ipsa,
530 1218 600 1309 die,
618 1221 700 1308 situ,
717 1244 936 1294 marmorum
960 1231 1088 1317 strage,
1106 1215 1226 1291 deleta
1242 1215 1505 1314 propemodum

119 1349 154 1411 et
170 1337 331 1412 evanida.

192 1462 238 1534 In
261 1459 519 1534 commentario
536 1453 748 1530 instruendo
764 1455 858 1529 hanc
874 1453 1102 1552 potissimum
1128 1455 1304 1529 rationem
1332 1462 1506 1547 sequutus

120 1605 196 1654 sum
210 1593 252 1654 ut
264 1604 372 1654 voces
384 1579 505 1652 minus
518 1589 621 1651 notas
634 1573 867 1675 explicandas
880 1598 1128 1672 proponerem.
1171 1575 1299 1647 Plures
1316 1571 1506 1645 observavi

118 1698 379 1774 consuetudine
397 1710 434 1771 et
450 1722 520 1771 usu
536 1695 721 1771 communi
737 1692 917 1766 rarissime
935 1703 1112 1780 extantes,
1130 1715 1282 1788 quarum
1299 1691 1507 1787 comproba·

118 1818 252 1890 tionem
269 1815 523 1889 auctoritatum
540 1838 609 1911 ope
627 1836 715 1909 quas
728 1809 944 1908 jamdudum
961 1810 1090 1883 habuit

432 1962 450 1992 a
459 1957 504 2014 Ut
516 1956 625 2032 legeret
638 1962 804 2030 tereretque
816 1953 929 2012 viritim
942 1953 1078 2030 publicus
1091 1952 1192 2022 usus,”

119 2077 368 2152 difficillimum
389 2076 483 2151 foret
509 2076 644 2149 afferre.
697 2074 871 2168 Quaedam
896 2075 1007 2147 immo
1033 2099 1108 2148 non
1140 2073 1299 2160 antehac,
1327 2084 1504 2167 quatenus

119 2199 201 2284 scio,
215 2197 393 2294 evulgata,
408 2218 489 2291 quae
500 2207 620 2268 tamen
630 2192 803 2267 inducere
817 2204 962 2266 coactus
974 2191 1037 2280 fui,
1051 2192 1214 2290 analogia
1225 2191 1505 2286 haudquaquam

120 2306 305 2414 perspecta
320 2314 444 2400 fretus,
462 2338 510 2387 ex
527 2310 671 2385 indiciis
687 2321 1002 2384 monumentorum
1018 2309 1179 2408 ipsorum
1203 2311 1408 2385 manifestis.
1460 2315 1505 2386 In

120 2437 247 2509 ceteris
270 2434 383 2533 magis
400 2433 494 2508 notis
511 2432 683 2506 latissime
701 2433 847 2530 patebat
868 2456 1017 2530 campus
1033 2431 1238 2505 illustrandi
1255 2431 1504 2506 confirmandi-

121 2578 189 2650 que
207 2579 256 2628 ex
273 2553 432 2626 fontibus
450 2551 514 2647 qui
531 2550 578 2624 ad
593 2550 743 2623 haustus
759 2561 891 2647 praesto
913 2564 1016 2626 erant
1034 2552 1248 2648 scriptorum
1265 2552 1505 2640 classicorum,

122 2689 161 2750 ut
186 2676 278 2750 adeo
299 2686 440 2774 pateret
455 2675 557 2747 locus
584 2673 686 2770 operi
707 2673 925 2746 elaborando
952 2699 1026 2747 non
1046 2686 1186 2748 tantum
1203 2675 1298 2748 inter
1319 2688 1469 2749 consuet
1496 2718 1507 2729 ·

123 2797 223 2872 dines
251 2797 432 2871 archaicas
462 2796 631 2883 versanti,
659 2792 723 2868 sed
751 2793 851 2890 quod
877 2795 1111 2895 philologiam
1138 2796 1353 2894 penitiorem
1381 2822 1505 2895 sapere

122 2919 290 2993 audacter
316 2918 573 2992 affirmaverim.
625 2917 791 2990 Breviter
813 2916 1018 3006 dicendum,
1045 2943 1103 2992 me
1131 2930 1205 2994 tam
1232 2918 1279 2992 ad
1306 2943 1507 2993 sermonem

123 3039 382 3115 enucleandum
413 3063 522 3136 quam
552 3039 599 3112 ad
628 3038 859 3134 antiquitates
887 3038 1109 3136 indagandas
1138 3049 1272 3111 memet
1299 3039 1507 3112 accinxisse.

124 3159 250 3235 Studia
265 3159 360 3233 inter
376 3160 570 3233 moliminis
587 3160 762 3258 gravioris
774 3162 939 3260 glossarii
954 3161 1152 3235 leviculum
1167 3160 1269 3248 illud,
1283 3159 1506 3235 fructuosum

122 3303 216 3367 vero,
234 3279 485 3378 refugiendum
502 3281 611 3355 nolui.

193 3399 286 3471 Haec
314 3409 407 3484 sunt,
424 3400 465 3471 L.
477 3399 535 3486 ·B.,
554 3397 600 3472 de
628 3399 747 3496 operis
764 3398 921 3473 instituti
944 3401 1095 3474 consilio
1118 3424 1273 3497 quorum
1296 3412 1332 3474 te
1354 3425 1505 3500 gnarum

121 3516 251 3592 habere
278 3517 439 3615 apprime
467 3517 583 3591 volui:
611 3517 785 3605 libellum,
801 3543 938 3616 precor,
956 3519 1152 3593 clementer
1174 3519 1351 3616 accipias3
1379 3519 1506 3593 studiis

122 3637 250 3710 nostris
266 3635 406 3722 fruaris,
424 3635 606 3708 erroribus
624 3635 788 3733 ignoscas
794 3666 803 3728 ;
822 3659 903 3731 quae
925 3660 1053 3733 parum
1070 3637 1233 3725 feliciter,
1250 3663 1423 3735 parumve
1447 3664 1506 3713 cu·

121 3758 211 3830 riose
224 3756 385 3841 tractavi,
399 3781 448 3828 ex
461 3755 533 3829 tuis
552 3756 721 3829 subsidiis
734 3757 907 3855 ampliora
920 3771 957 3831 et
968 3759 1147 3834 limatiora
1159 3760 1296 3833 reddas.
1349 3763 1393 3834 In
1406 3761 1504 3836 hisce

120 3875 429 3962 commentariolis
452 3874 728 3969 qualiacumque
752 3886 849 3962 sunt,
877 3875 989 3949 habes
1017 3901 1098 3972 quae
1119 3877 1189 3950 hoc
1215 3901 1329 3976 genus
1348 3880 1504 3978 Sponius

120 3997 213 4085 olim,
227 3996 1379 4092 1011111100111010111,0111111111,0111110111,Ρο00011111
1394 4033 1403 4094 ;
1422 4026 1503 4099 quae

119 4118 226 4193 hodie
243 4120 402 4218 insignes
424 4120 503 4206 viri,
523 4119 735 4207 Oreuzerus,
751 4121 928 4208 Osannus,
943 4120 1147 4208 Boockhius,
1162 4122 1303 4208 Rosius,
1321 4135 1358 4196 et
1374 4148 1502 4222 nuper-

117 4241 214 4328 rime,
242 4239 399 4338 benigna
431 4239 628 4313 amicorum
653 4262 762 4336 opera
787 4263 884 4328 usus,
907 4237 1173 4314 laudatissimus
1200 4239 1262 4313 ille
1289 4241 1499 4316 Fellowsius

798 4358 816 4391 1
