3818 5094
156 492 260 537 rusca.
278 477 347 556 111.]
753 472 970 542 EPHESUS.

551 648 664 735 σίνται·
683 658 757 732 τῶν
777 650 1009 755 νικησάντων

634 783 916 886 ἀναστήσαντα.

548 908 617 1013 τὴν
635 911 745 1015 τιμὴν
764 914 1051 1017 ἀναστήσαντας

608 1055 646 1124 λ.
677 1049 827 1153 φαινίον
848 1053 1024 1154 φανστοῦ

550 1187 616 1259 τοῦ
636 1189 844 1284 συγγενοῦς
863 1182 989 1261 αὐτοῦ.

659 1411 801 1470 VARIAE
822 1411 1058 1470 LECTIONES.

160 1543 313 1599 vetustate
327 1542 390 1595 tam
405 1552 536 1594 exesum
547 1529 587 1596 de
601 1528 732 1618 singulis
746 1541 783 1595 ut
796 1528 921 1616 penitus
935 1528 1104 1616 perspectis
1118 1528 1392 1614 pronuntiaverit?
1435 1529 1553 1598 Adhuc

160 1618 261 1684 haereo
274 1618 357 1682 inter
370 1616 563 1703 praenomina
573 1627 609 1683 A.
620 1627 658 1684 Α.
669 1626 703 1684 Τ.
714 1628 746 1680 et
759 1615 888 1680 nomina
903 1623 1096 1690 ΦΑΙΝΙΟΥ,
1113 1623 1319 1692 ΦΑΝΝΙΟΥ,
1335 1639 1469 1700 quorum
1484 1641 1554 1705 pos-

161 1704 256 1770 terius
275 1715 464 1768 memoratur
482 1726 500 1767 a
515 1702 623 1767 Tullio
638 1702 672 1766 in
687 1701 787 1789 Epist.
804 1700 844 1766 ad
858 1701 958 1767 Attic.
974 1722 1042 1766 αντ.
1062 1706 1109 1765 13.
1154 1700 1241 1766 Gens
1264 1716 1330 1767 erat
1343 1702 1475 1789 plebeia,
1499 1703 1555 1769 sed

161 1788 337 1856 consularis.
381 1788 491 1853 Plures
514 1788 629 1853 Fannii
652 1802 748 1865 erant,
764 1787 826 1852 viri
849 1787 1079 1863 nominatiores,
1102 1799 1140 1852 ut
1161 1800 1282 1854 constat
1304 1811 1346 1852 ex
1362 1788 1462 1852 Tullii
1477 1788 1553 1855 loeo.

161 1879 255 1940 Brut.
273 1877 341 1952 264
362 1876 396 1938 S.
408 1876 505 1939 Rorc.
521 1879 551 1952 4,
567 1880 615 1952 5.;
637 1888 669 1938 et
687 1872 815 1961 Joseph.
831 1874 962 1960 Antiqq.
979 1894 1051 1938 x111.
1068 1878 1098 1942 9.
1116 1877 1145 1936 2.
1176 1873 1268 1938 Fenii
1287 1897 1431 1959 quoque:
1453 1898 1505 1940 ex.
1525 1900 1552 1940 c.

162 1961 329 2028 Praefeotus
348 1959 401 2024 ille
424 1984 555 2026 annonae
570 1962 628 2026 sub
643 1959 777 2037 Nerone,
793 1973 899 2046 postea
914 1959 1066 2046 praetorio,
1087 1982 1135 2045 ap,
1152 1959 1253 2024 Tacit.
1266 1961 1383 2024 Annal.
1398 1981 1471 2024 x111.
1485 1965 1553 2038 223

162 2068 227 2112 xrv.
239 2053 310 2124 51.;
323 2067 376 2110 xv.
392 2051 442 2110 50.
458 2060 516 2112 etc.
562 2052 718 2112 FENIVS
734 2052 843 2110 [tvm
859 2045 893 2108 in
907 2045 1051 2110 numism.
1065 2044 1216 2111 Vaillant.
1228 2067 1250 2110 1.
1263 2050 1314 2110 25.
1329 2061 1361 2112 et
1375 2046 1460 2133 apud
1471 2045 1554 2111 Gru-

162 2147 272 2211 terum,
288 2135 397 2220 pm.
413 2133 508 2198 Inscr.
525 2138 572 2196 10.
586 2135 614 2196 2.
640 2139 674 2196 L.
689 2137 845 2197 FENIVS
867 2137 1119 2208 ACHILLEVS,
1141 2130 1217 2197 alibi
1231 2131 1335 2219 script.
1358 2137 1553 2206 FAENIVS,

161 2220 243 2317 utin
258 2217 379 2283 nostris,
423 2218 523 2316 Fenia
536 2242 613 2306 gens
628 2231 694 2282 erat
707 2240 818 2305 parum
836 2229 920 2316 nota.
957 2216 1142 2316 Cognomen
1163 2217 1316 2305 reperitur
1334 2229 1370 2282 ut
1384 2217 1555 2305 plurimum

162 2319 242 2372 mter
258 2304 360 2371 Sullas
374 2318 407 2369 et
420 2304 561 2368 Anicros.
578 2328 626 2391 cp.
644 2303 764 2369 Sehott.
780 2305 883 2367 Elect.
899 2327 933 2367 in
947 2302 1055 2368 Rosm.
1070 2327 1101 2391 p.
1114 2307 1188 2372 921.

427 2517 750 2576 ANNOTATIONES
772 2517 946 2575 CRITICAE
967 2518 1020 2575 ET
1040 2517 1291 2576 EXEGETICAE.

164 2635 379 2723 γυμνασθῆναι
405 2644 454 2704 καὶ
474 2637 637 2722 μελετῆσαι
656 2636 836 2702 reanimati
924 2634 1025 2700 Erant
1042 2658 1156 2722 nempe
1173 2634 1247 2700 tria:
1271 2633 1356 2702 ἆθλα
1378 2656 1401 2698 s.
1422 2632 1554 2713 ἐ’παθλα,

163 2744 273 2830 μικρὸν
298 2739 402 2808 ἆθλον
431 2745 666 2826 προφανήσεται
695 2747 764 2816 τοῖς
788 2745 838 2806 καὶ
880 2739 1034 2828 βραβεῖα,
1045 2739 1169 2825 θέματα,
1182 2739 1378 2824 quorumilla
1389 2738 1487 2826 magis
1496 2763 1555 2804 usu

163 2854 295 2936 μετρίως
310 2846 422 2924 ιἰρετῆς
436 2850 616 2934 ἐφιεμένοις.
700 2879 706 2891 ·
883 2845 1089 2911 Classicorum
1119 2847 1328 2933 comprobata.
1374 2843 1438 2910 Sed
1466 2858 1555 2910 notes

205 2951 292 3016 Hinc
306 2950 413 3038 prodit
432 2973 538 3016 sensus
556 2950 696 3017 maxime
716 2975 837 3018 accom-
881 2947 1136 3026 distinctionem
1157 2949 1322 3036 βραβεῖον
1348 2961 1414 3015 erat
1436 2951 1473 3017 ro*
1499 2957 1555 3016 τοῦ

165 3056 322 3122 modatus:
339 3061 474 3142 premio
490 3063 680 3136 certaminis,
696 3083 765 3143 quae
781 3083 836 3147 po·
879 3053 1067 3142 βραβενταῦ
1090 3052 1207 3143 δῶρον,
1229 3054 1332 3123 ἆθλον
1355 3053 1492 3120 vicissim
1517 3059 1554 3123 τὸ

163 3163 228 3239 sita,
245 3163 328 3240 θετὰ,
349 3176 381 3227 et
400 3186 541 3229 sermone
556 3163 731 3250 antiquiore
743 3164 836 3242 dicta,
878 3169 934 3229 τοῦ
950 3160 1137 3249 ἆθλοφόρου
1152 3161 1270 3246 λῆμμα.
1316 3159 1366 3226 De
1381 3161 1553 3238 certaturis,

165 3267 257 3347 ἆθλα,
274 3267 383 3347 ἄεθλα,
404 3268 536 3336 ἔπαθλα.
581 3269 687 3334 Video
707 3293 835 3336 eonsen-
880 3268 1083 3354 ἀγωνισταῖς,
1100 3265 1249 3332 dicuntur
1263 3270 1300 3334 τὰ
1317 3266 1440 3353 θέματα.

164 3374 292 3440 rientem
316 3373 501 3438 Passovium
527 3373 561 3439 in
586 3376 751 3439 Euchirid.
775 3378 835 3443 Gr.
924 3373 1057 3439 Sensum
1080 3381 1135 3440 τοῦ
1160 3372 1303 3459 θέματος,
1331 3373 1488 3458 θεματῖου,
1511 3395 1551 3438 se.

165 3481 204 3544 L.
221 3501 243 3545 1.
263 3484 355 3546 1049.
379 3477 666 3565 θέμα....ι1σν]ῑι’ν
685 3481 737 3543 die
752 3479 835 3543 Att-
879 3503 979 3556 aram,
994 3478 1128 3566 reperiet
1137 3477 1251 3546 Lector
1266 3479 1406 3545 eruditus
1417 3477 1551 3543 ininscr.

163 3589 242 3652 letan
258 3599 456 3675 auaqeaetzte
472 3589 691 3673 Kampfpreir.
880 3606 947 3651 nv.
967 3591 992 3650 l.
1008 3584 1139 3651 restitut.
